{"seq":46831,"ts":1766017751056,"p":2496150,"v":1,"s":"BID","sym":"NQH6.CME"}
{"seq":46832,"ts":1766017751057,"p":2496200,"v":1,"s":"ASK","sym":"NQH6.CME"}
{"seq":46833,"ts":1766017751091,"p":2496150,"v":1,"s":"BID","sym":"NQH6.CME"}
{"seq":46834,"ts":1766017751304,"p":2496150,"v":1,"s":"BID","sym":"NQH6.CME"}
{"seq":46835,"ts":1766017753038,"p":2496150,"v":1,"s":"BID","sym":"NQH6.CME"}
{"seq":46836,"ts":1766017755090,"p":2496150,"v":1,"s":"ASK","sym":"NQH6.CME"}
{"seq":46837,"ts":1766017755294,"p":2496100,"v":1,"s":"BID","sym":"NQH6.CME"}
{"seq":46838,"ts":1766017755302,"p":2496000,"v":1,"s":"BID","sym":"NQH6.CME"}
{"seq":46839,"ts":1766017755543,"p":2495925,"v":1,"s":"BID","sym":"NQH6.CME"}
{"seq":46840,"ts":1765982039992,"p":2541575,"v":1,"s":"ASK","sym":"NQH6.CME"}
{"seq":46841,"ts":1765982039992,"p":2541575,"v":1,"s":"ASK","sym":"NQH6.CME"}
{"seq":46842,"ts":1765982040102,"p":2541500,"v":1,"s":"BID","sym":"NQH6.CME"}
{"seq":46843,"ts":1765982040121,"p":2541450,"v":1,"s":"BID","sym":"NQH6.CME"}
{"seq":46844,"ts":1765982040134,"p":2541425,"v":1,"s":"ASK","sym":"NQH6.CME"}
{"seq":46845,"ts":1765982040154,"p":2541375,"v":1,"s":"BID","sym":"NQH6.CME"}
{"seq":46846,"ts":1765982040154,"p":2541400,"v":1,"s":"ASK","sym":"NQH6.CME"}
{"seq":46847,"ts":1765982040154,"p":2541375,"v":1,"s":"BID","sym":"NQH6.CME"}
{"seq":46848,"ts":1765982040154,"p":2541375,"v":1,"s":"BID","sym":"NQH6.CME"}
{"seq":46849,"ts":1765982040154,"p":2541375,"v":1,"s":"ASK","sym":"NQH6.CME"}
{"seq":46850,"ts":1765982040156,"p":2541400,"v":1,"s":"ASK","sym":"NQH6.CME"}
{"seq":46851,"ts":1765982040156,"p":2541400,"v":1,"s":"ASK","sym":"NQH6.CME"}
{"seq":46852,"ts":1765982040157,"p":2541350,"v":1,"s":"ASK","sym":"NQH6.CME"}
{"seq":46853,"ts":1765982040157,"p":2541350,"v":1,"s":"ASK","sym":"NQH6.CME"}
{"seq":46854,"ts":1765982040158,"p":2541350,"v":1,"s":"BID","sym":"NQH6.CME"}
{"seq":46855,"ts":1765982040160,"p":2541300,"v":1,"s":"BID","sym":"NQH6.CME"}
{"seq":46856,"ts":1765982040163,"p":2541275,"v":1,"s":"ASK","sym":"NQH6.CME"}
{"seq":46857,"ts":1765982040171,"p":2541275,"v":1,"s":"ASK","sym":"NQH6.CME"}
{"seq":46858,"ts":1765982040171,"p":2541275,"v":1,"s":"ASK","sym":"NQH6.CME"}
{"seq":46859,"ts":1765982040175,"p":2541225,"v":1,"s":"BID","sym":"NQH6.CME"}
{"seq":46860,"ts":1765982040175,"p":2541225,"v":1,"s":"BID","sym":"NQH6.CME"}
{"seq":46861,"ts":1765982040178,"p":2541275,"v":1,"s":"ASK","sym":"NQH6.CME"}
{"seq":46862,"ts":1765982040179,"p":2541275,"v":1,"s":"ASK","sym":"NQH6.CME"}
{"seq":46863,"ts":1765982040179,"p":2541300,"v":1,"s":"ASK","sym":"NQH6.CME"}
{"seq":46864,"ts":1765982040179,"p":2541250,"v":1,"s":"BID","sym":"NQH6.CME"}
{"seq":46865,"ts":1765982040179,"p":2541250,"v":1,"s":"BID","sym":"NQH6.CME"}
{"seq":46866,"ts":1765982040179,"p":2541250,"v":1,"s":"BID","sym":"NQH6.CME"}
{"seq":46867,"ts":1765982040179,"p":2541225,"v":1,"s":"BID","sym":"NQH6.CME"}
{"seq":46868,"ts":1765982040180,"p":2541350,"v":1,"s":"ASK","sym":"NQH6.CME"}
{"seq":46869,"ts":1765982040180,"p":2541350,"v":1,"s":"ASK","sym":"NQH6.CME"}
{"seq":46870,"ts":1765982040180,"p":2541350,"v":1,"s":"ASK","sym":"NQH6.CME"}
{"seq":46871,"ts":1765982040180,"p":2541275,"v":1,"s":"ASK","sym":"NQH6.CME"}
{"seq":46872,"ts":1765982040249,"p":2541275,"v":1,"s":"ASK","sym":"NQH6.CME"}
{"seq":46873,"ts":1765982040286,"p":2541250,"v":1,"s":"ASK","sym":"NQH6.CME"}
{"seq":46874,"ts":1765982040286,"p":2541250,"v":1,"s":"ASK","sym":"NQH6.CME"}
{"seq":46875,"ts":1765982040296,"p":2541200,"v":1,"s":"BID","sym":"NQH6.CME"}
{"seq":46876,"ts":1765982040296,"p":2541200,"v":1,"s":"BID","sym":"NQH6.CME"}
{"seq":46877,"ts":1765982040296,"p":2541175,"v":1,"s":"BID","sym":"NQH6.CME"}
{"seq":46878,"ts":1765982040309,"p":2541200,"v":1,"s":"BID","sym":"NQH6.CME"}
{"seq":46879,"ts":1765982040309,"p":2541200,"v":1,"s":"BID","sym":"NQH6.CME"}
{"seq":46880,"ts":1765982040315,"p":2541175,"v":1,"s":"BID","sym":"NQH6.CME"}
{"seq":46881,"ts":1765982040315,"p":2541175,"v":1,"s":"BID","sym":"NQH6.CME"}
{"seq":46882,"ts":1765982040323,"p":2541150,"v":1,"s":"BID","sym":"NQH6.CME"}
{"seq":46883,"ts":1765982040324,"p":2541150,"v":4,"s":"BID","sym":"NQH6.CME"}
{"seq":46884,"ts":1765982040324,"p":2541175,"v":1,"s":"ASK","sym":"NQH6.CME"}
{"seq":46885,"ts":1765982040324,"p":2541150,"v":4,"s":"ASK","sym":"NQH6.CME"}
{"seq":46886,"ts":1765982040324,"p":2541125,"v":1,"s":"BID","sym":"NQH6.CME"}
{"seq":46887,"ts":1765982040325,"p":2541150,"v":2,"s":"BID","sym":"NQH6.CME"}
{"seq":46888,"ts":1765982040325,"p":2541150,"v":2,"s":"BID","sym":"NQH6.CME"}
{"seq":46889,"ts":1765982040343,"p":2541050,"v":1,"s":"BID","sym":"NQH6.CME"}
{"seq":46890,"ts":1765982040343,"p":2541050,"v":1,"s":"BID","sym":"NQH6.CME"}
{"seq":46891,"ts":1765982040343,"p":2541000,"v":1,"s":"BID","sym":"NQH6.CME"}
{"seq":46892,"ts":1765982040343,"p":2541000,"v":1,"s":"BID","sym":"NQH6.CME"}
{"seq":46893,"ts":1765982040343,"p":2541000,"v":1,"s":"BID","sym":"NQH6.CME"}
{"seq":46894,"ts":1765982040343,"p":2541000,"v":2,"s":"BID","sym":"NQH6.CME"}
{"seq":46895,"ts":1765982040343,"p":2541000,"v":3,"s":"BID","sym":"NQH6.CME"}
{"seq":46896,"ts":1765982040343,"p":2541000,"v":1,"s":"BID","sym":"NQH6.CME"}
{"seq":46897,"ts":1765982040343,"p":2540975,"v":1,"s":"BID","sym":"NQH6.CME"}
{"seq":46898,"ts":1765982040343,"p":2540975,"v":1,"s":"BID","sym":"NQH6.CME"}
{"seq":46899,"ts":1765982040343,"p":2540975,"v":1,"s":"BID","sym":"NQH6.CME"}
{"seq":46900,"ts":1765982040346,"p":2540975,"v":1,"s":"BID","sym":"NQH6.CME"}
{"seq":46901,"ts":1765982040347,"p":2540950,"v":1,"s":"BID","sym":"NQH6.CME"}
{"seq":46902,"ts":1765982040347,"p":2540900,"v":1,"s":"BID","sym":"NQH6.CME"}
{"seq":46903,"ts":1765982040352,"p":2541000,"v":1,"s":"ASK","sym":"NQH6.CME"}
{"seq":46904,"ts":1765982040359,"p":2541050,"v":1,"s":"ASK","sym":"NQH6.CME"}
{"seq":46905,"ts":1765982040359,"p":2541050,"v":1,"s":"ASK","sym":"NQH6.CME"}
{"seq":46906,"ts":1765982040382,"p":2541200,"v":1,"s":"ASK","sym":"NQH6.CME"}
{"seq":46907,"ts":1765982040511,"p":2541125,"v":1,"s":"ASK","sym":"NQH6.CME"}
{"seq":46908,"ts":1765982040549,"p":2541200,"v":1,"s":"ASK","sym":"NQH6.CME"}
{"seq":46909,"ts":1765982040559,"p":2541250,"v":1,"s":"ASK","sym":"NQH6.CME"}
{"seq":46910,"ts":1765982040562,"p":2541275,"v":1,"s":"ASK","sym":"NQH6.CME"}
{"seq":46911,"ts":1765982040564,"p":2541325,"v":1,"s":"ASK","sym":"NQH6.CME"}
{"seq":46912,"ts":1765982040564,"p":2541325,"v":1,"s":"ASK","sym":"NQH6.CME"}
{"seq":46913,"ts":1765982040568,"p":2541275,"v":1,"s":"BID","sym":"NQH6.CME"}
{"seq":46914,"ts":1765982040570,"p":2541275,"v":1,"s":"ASK","sym":"NQH6.CME"}
{"seq":46915,"ts":1765982040574,"p":2541400,"v":1,"s":"ASK","sym":"NQH6.CME"}
{"seq":46916,"ts":1765982040574,"p":2541425,"v":1,"s":"ASK","sym":"NQH6.CME"}
{"seq":46917,"ts":1765982040574,"p":2541425,"v":1,"s":"ASK","sym":"NQH6.CME"}
{"seq":46918,"ts":1765982040574,"p":2541425,"v":1,"s":"ASK","sym":"NQH6.CME"}
{"seq":46919,"ts":1765982040574,"p":2541425,"v":1,"s":"ASK","sym":"NQH6.CME"}
{"seq":46920,"ts":1765982040574,"p":2541400,"v":1,"s":"ASK","sym":"NQH6.CME"}
{"seq":46921,"ts":1765982040575,"p":2541400,"v":1,"s":"BID","sym":"NQH6.CME"}
{"seq":46922,"ts":1765982040576,"p":2541400,"v":3,"s":"BID","sym":"NQH6.CME"}
{"seq":46923,"ts":1765982040577,"p":2541375,"v":1,"s":"BID","sym":"NQH6.CME"}
{"seq":46924,"ts":1765982040577,"p":2541400,"v":4,"s":"ASK","sym":"NQH6.CME"}
{"seq":46925,"ts":1765982040578,"p":2541400,"v":1,"s":"BID","sym":"NQH6.CME"}
{"seq":46926,"ts":1765982040579,"p":2541375,"v":1,"s":"ASK","sym":"NQH6.CME"}
{"seq":46927,"ts":1765982040580,"p":2541350,"v":1,"s":"BID","sym":"NQH6.CME"}
{"seq":46928,"ts":1765982040594,"p":2541425,"v":1,"s":"ASK","sym":"NQH6.CME"}
{"seq":46929,"ts":1765982040596,"p":2541450,"v":1,"s":"ASK","sym":"NQH6.CME"}
{"seq":46930,"ts":1765982040603,"p":2541525,"v":1,"s":"ASK","sym":"NQH6.CME"}
{"seq":46931,"ts":1765982040603,"p":2541550,"v":1,"s":"ASK","sym":"NQH6.CME"}
{"seq":46932,"ts":1765982040604,"p":2541575,"v":1,"s":"ASK","sym":"NQH6.CME"}
{"seq":46933,"ts":1765982040604,"p":2541550,"v":1,"s":"ASK","sym":"NQH6.CME"}
{"seq":46934,"ts":1765982040605,"p":2541550,"v":1,"s":"ASK","sym":"NQH6.CME"}
{"seq":46935,"ts":1765982040606,"p":2541550,"v":1,"s":"ASK","sym":"NQH6.CME"}
{"seq":46936,"ts":1765982040608,"p":2541500,"v":1,"s":"BID","sym":"NQH6.CME"}
{"seq":46937,"ts":1765982040649,"p":2541475,"v":1,"s":"BID","sym":"NQH6.CME"}
{"seq":46938,"ts":1765982040656,"p":2541450,"v":1,"s":"BID","sym":"NQH6.CME"}
{"seq":46939,"ts":1765982040700,"p":2541525,"v":1,"s":"ASK","sym":"NQH6.CME"}
{"seq":46940,"ts":1765982040700,"p":2541525,"v":1,"s":"ASK","sym":"NQH6.CME"}
{"seq":46941,"ts":1765982040715,"p":2541600,"v":1,"s":"ASK","sym":"NQH6.CME"}
{"seq":46942,"ts":1765982040758,"p":2541575,"v":1,"s":"BID","sym":"NQH6.CME"}
{"seq":46943,"ts":1765982040780,"p":2541625,"v":1,"s":"ASK","sym":"NQH6.CME"}
{"seq":46944,"ts":1765982040788,"p":2541600,"v":1,"s":"BID","sym":"NQH6.CME"}
{"seq":46945,"ts":1765982040792,"p":2541675,"v":1,"s":"ASK","sym":"NQH6.CME"}
{"seq":46946,"ts":1765982040794,"p":2541650,"v":1,"s":"BID","sym":"NQH6.CME"}
{"seq":46947,"ts":1765982040794,"p":2541650,"v":1,"s":"BID","sym":"NQH6.CME"}
{"seq":46948,"ts":1765982040797,"p":2541625,"v":1,"s":"BID","sym":"NQH6.CME"}
{"seq":46949,"ts":1765982040803,"p":2541600,"v":1,"s":"BID","sym":"NQH6.CME"}
{"seq":46950,"ts":1765982040803,"p":2541600,"v":1,"s":"BID","sym":"NQH6.CME"}
{"seq":46951,"ts":1765982040838,"p":2541625,"v":1,"s":"ASK","sym":"NQH6.CME"}
{"seq":46952,"ts":1765982040845,"p":2541600,"v":1,"s":"BID","sym":"NQH6.CME"}
{"seq":46953,"ts":1765982040857,"p":2541600,"v":1,"s":"BID","sym":"NQH6.CME"}
{"seq":46954,"ts":1765982040943,"p":2541600,"v":1,"s":"BID","sym":"NQH6.CME"}
{"seq":46955,"ts":1765982040993,"p":2541575,"v":1,"s":"BID","sym":"NQH6.CME"}
{"seq":46956,"ts":1765982041002,"p":2541650,"v":1,"s":"ASK","sym":"NQH6.CME"}
{"seq":46957,"ts":1765982041002,"p":2541650,"v":1,"s":"ASK","sym":"NQH6.CME"}
{"seq":46958,"ts":1765982041005,"p":2541700,"v":1,"s":"ASK","sym":"NQH6.CME"}
{"seq":46959,"ts":1765982041015,"p":2541750,"v":1,"s":"ASK","sym":"NQH6.CME"}
{"seq":46960,"ts":1765982041062,"p":2541850,"v":1,"s":"ASK","sym":"NQH6.CME"}
{"seq":46961,"ts":1765982041139,"p":2541800,"v":1,"s":"BID","sym":"NQH6.CME"}
{"seq":46962,"ts":1765982041163,"p":2541825,"v":1,"s":"ASK","sym":"NQH6.CME"}
{"seq":46963,"ts":1765982041196,"p":2541850,"v":1,"s":"BID","sym":"NQH6.CME"}
{"seq":46964,"ts":1765982041207,"p":2541875,"v":1,"s":"ASK","sym":"NQH6.CME"}
{"seq":46965,"ts":1765982041230,"p":2541975,"v":1,"s":"BID","sym":"NQH6.CME"}
{"seq":46966,"ts":1765982041369,"p":2541875,"v":1,"s":"BID","sym":"NQH6.CME"}
{"seq":46967,"ts":1765982041369,"p":2541875,"v":1,"s":"BID","sym":"NQH6.CME"}
{"seq":46968,"ts":1765982041370,"p":2541875,"v":1,"s":"BID","sym":"NQH6.CME"}
{"seq":46969,"ts":1765982041371,"p":2541825,"v":1,"s":"BID","sym":"NQH6.CME"}
{"seq":46970,"ts":1765982041371,"p":2541825,"v":1,"s":"BID","sym":"NQH6.CME"}
{"seq":46971,"ts":1765982041371,"p":2541825,"v":1,"s":"BID","sym":"NQH6.CME"}
{"seq":46972,"ts":1765982041372,"p":2541800,"v":1,"s":"BID","sym":"NQH6.CME"}
{"seq":46973,"ts":1765982041372,"p":2541800,"v":1,"s":"BID","sym":"NQH6.CME"}
{"seq":46974,"ts":1765982041404,"p":2541725,"v":1,"s":"BID","sym":"NQH6.CME"}
{"seq":46975,"ts":1765982041436,"p":2541700,"v":1,"s":"ASK","sym":"NQH6.CME"}
{"seq":46976,"ts":1765982041471,"p":2541625,"v":1,"s":"BID","sym":"NQH6.CME"}
{"seq":46977,"ts":1765982041472,"p":2541600,"v":1,"s":"BID","sym":"NQH6.CME"}
{"seq":46978,"ts":1765982041512,"p":2541550,"v":1,"s":"ASK","sym":"NQH6.CME"}
{"seq":46979,"ts":1765982041531,"p":2541550,"v":1,"s":"BID","sym":"NQH6.CME"}
{"seq":46980,"ts":1765982041573,"p":2541475,"v":1,"s":"BID","sym":"NQH6.CME"}
{"seq":46981,"ts":1765982041646,"p":2541525,"v":1,"s":"ASK","sym":"NQH6.CME"}
{"seq":46982,"ts":1765982041646,"p":2541525,"v":1,"s":"ASK","sym":"NQH6.CME"}
{"seq":46983,"ts":1765982041757,"p":2541575,"v":1,"s":"ASK","sym":"NQH6.CME"}
{"seq":46984,"ts":1765982041818,"p":2541575,"v":1,"s":"ASK","sym":"NQH6.CME"}
{"seq":46985,"ts":1765982041907,"p":2541500,"v":1,"s":"BID","sym":"NQH6.CME"}
{"seq":46986,"ts":1765982042021,"p":2541625,"v":1,"s":"ASK","sym":"NQH6.CME"}
{"seq":46987,"ts":1765982042025,"p":2541700,"v":1,"s":"ASK","sym":"NQH6.CME"}
{"seq":46988,"ts":1765982042062,"p":2541775,"v":1,"s":"ASK","sym":"NQH6.CME"}
{"seq":46989,"ts":1765982042062,"p":2541775,"v":1,"s":"ASK","sym":"NQH6.CME"}
{"seq":46990,"ts":1765982042098,"p":2541775,"v":1,"s":"ASK","sym":"NQH6.CME"}
{"seq":46991,"ts":1765982042127,"p":2541850,"v":1,"s":"ASK","sym":"NQH6.CME"}
{"seq":46992,"ts":1765982042127,"p":2541875,"v":1,"s":"ASK","sym":"NQH6.CME"}
{"seq":46993,"ts":1765982042127,"p":2541875,"v":1,"s":"ASK","sym":"NQH6.CME"}
{"seq":46994,"ts":1765982042127,"p":2541900,"v":1,"s":"ASK","sym":"NQH6.CME"}
{"seq":46995,"ts":1765982042129,"p":2541925,"v":1,"s":"ASK","sym":"NQH6.CME"}
{"seq":46996,"ts":1765982042129,"p":2541925,"v":1,"s":"ASK","sym":"NQH6.CME"}
{"seq":46997,"ts":1765982042130,"p":2541925,"v":1,"s":"BID","sym":"NQH6.CME"}
{"seq":46998,"ts":1765982042269,"p":2541950,"v":1,"s":"BID","sym":"NQH6.CME"}
{"seq":46999,"ts":1765982042269,"p":2542000,"v":1,"s":"ASK","sym":"NQH6.CME"}
{"seq":47000,"ts":1765982042284,"p":2542050,"v":1,"s":"ASK","sym":"NQH6.CME"}
{"seq":47001,"ts":1765982042284,"p":2542075,"v":1,"s":"ASK","sym":"NQH6.CME"}
{"seq":47002,"ts":1765982042325,"p":2542050,"v":1,"s":"BID","sym":"NQH6.CME"}
{"seq":47003,"ts":1765982042391,"p":2542050,"v":1,"s":"BID","sym":"NQH6.CME"}
{"seq":47004,"ts":1765982042391,"p":2542025,"v":1,"s":"BID","sym":"NQH6.CME"}
{"seq":47005,"ts":1765982042391,"p":2542000,"v":1,"s":"BID","sym":"NQH6.CME"}
{"seq":47006,"ts":1765982042394,"p":2541925,"v":1,"s":"BID","sym":"NQH6.CME"}
{"seq":47007,"ts":1765982042396,"p":2541925,"v":1,"s":"BID","sym":"NQH6.CME"}
{"seq":47008,"ts":1765982042489,"p":2542000,"v":1,"s":"ASK","sym":"NQH6.CME"}
{"seq":47009,"ts":1765982042507,"p":2542125,"v":1,"s":"ASK","sym":"NQH6.CME"}
{"seq":47010,"ts":1765982042520,"p":2542100,"v":1,"s":"ASK","sym":"NQH6.CME"}
{"seq":47011,"ts":1765982042627,"p":2541975,"v":1,"s":"BID","sym":"NQH6.CME"}
{"seq":47012,"ts":1765982042628,"p":2541950,"v":1,"s":"BID","sym":"NQH6.CME"}
{"seq":47013,"ts":1765982042628,"p":2541950,"v":1,"s":"BID","sym":"NQH6.CME"}
{"seq":47014,"ts":1765982042630,"p":2541925,"v":1,"s":"BID","sym":"NQH6.CME"}
{"seq":47015,"ts":1765982042630,"p":2541875,"v":1,"s":"BID","sym":"NQH6.CME"}
{"seq":47016,"ts":1765982042636,"p":2541875,"v":1,"s":"BID","sym":"NQH6.CME"}
{"seq":47017,"ts":1765982042666,"p":2541875,"v":1,"s":"ASK","sym":"NQH6.CME"}
{"seq":47018,"ts":1765982042717,"p":2541825,"v":1,"s":"BID","sym":"NQH6.CME"}
{"seq":47019,"ts":1765982042717,"p":2541800,"v":1,"s":"BID","sym":"NQH6.CME"}
{"seq":47020,"ts":1765982042727,"p":2541775,"v":1,"s":"BID","sym":"NQH6.CME"}
{"seq":47021,"ts":1765982042727,"p":2541775,"v":1,"s":"BID","sym":"NQH6.CME"}
{"seq":47022,"ts":1765982042739,"p":2541775,"v":1,"s":"ASK","sym":"NQH6.CME"}
{"seq":47023,"ts":1765982042744,"p":2541775,"v":1,"s":"ASK","sym":"NQH6.CME"}
{"seq":47024,"ts":1765982042801,"p":2541700,"v":1,"s":"BID","sym":"NQH6.CME"}
{"seq":47025,"ts":1765982042834,"p":2541775,"v":1,"s":"ASK","sym":"NQH6.CME"}
{"seq":47026,"ts":1765982042834,"p":2541775,"v":1,"s":"ASK","sym":"NQH6.CME"}
{"seq":47027,"ts":1765982042834,"p":2541800,"v":1,"s":"ASK","sym":"NQH6.CME"}
{"seq":47028,"ts":1765982042834,"p":2541800,"v":1,"s":"ASK","sym":"NQH6.CME"}
{"seq":47029,"ts":1765982042965,"p":2541725,"v":1,"s":"BID","sym":"NQH6.CME"}
{"seq":47030,"ts":1765982043009,"p":2541600,"v":1,"s":"BID","sym":"NQH6.CME"}
{"seq":47031,"ts":1765982043009,"p":2541575,"v":1,"s":"BID","sym":"NQH6.CME"}
{"seq":47032,"ts":1765982043019,"p":2541600,"v":1,"s":"ASK","sym":"NQH6.CME"}
{"seq":47033,"ts":1765982043022,"p":2541650,"v":1,"s":"ASK","sym":"NQH6.CME"}
{"seq":47034,"ts":1765982043026,"p":2541700,"v":1,"s":"ASK","sym":"NQH6.CME"}
{"seq":47035,"ts":1765982043129,"p":2541725,"v":1,"s":"ASK","sym":"NQH6.CME"}
{"seq":47036,"ts":1765982043129,"p":2541750,"v":1,"s":"ASK","sym":"NQH6.CME"}
{"seq":47037,"ts":1765982043129,"p":2541750,"v":1,"s":"ASK","sym":"NQH6.CME"}
{"seq":47038,"ts":1765982043129,"p":2541775,"v":1,"s":"ASK","sym":"NQH6.CME"}
{"seq":47039,"ts":1765982043198,"p":2541700,"v":1,"s":"BID","sym":"NQH6.CME"}
{"seq":47040,"ts":1765982043199,"p":2541650,"v":1,"s":"BID","sym":"NQH6.CME"}
{"seq":47041,"ts":1765982043362,"p":2541650,"v":1,"s":"ASK","sym":"NQH6.CME"}
{"seq":47042,"ts":1765982043389,"p":2541600,"v":1,"s":"ASK","sym":"NQH6.CME"}
{"seq":47043,"ts":1765982043412,"p":2541600,"v":1,"s":"ASK","sym":"NQH6.CME"}
{"seq":47044,"ts":1765982043413,"p":2541625,"v":1,"s":"ASK","sym":"NQH6.CME"}
{"seq":47045,"ts":1765982043414,"p":2541600,"v":1,"s":"BID","sym":"NQH6.CME"}
{"seq":47046,"ts":1765982043472,"p":2541700,"v":1,"s":"ASK","sym":"NQH6.CME"}
{"seq":47047,"ts":1765982043487,"p":2541775,"v":1,"s":"ASK","sym":"NQH6.CME"}
{"seq":47048,"ts":1765982043487,"p":2541775,"v":1,"s":"ASK","sym":"NQH6.CME"}
{"seq":47049,"ts":1765982043489,"p":2541750,"v":1,"s":"BID","sym":"NQH6.CME"}
{"seq":47050,"ts":1765982043497,"p":2541800,"v":1,"s":"ASK","sym":"NQH6.CME"}
{"seq":47051,"ts":1765982043497,"p":2541800,"v":1,"s":"ASK","sym":"NQH6.CME"}
{"seq":47052,"ts":1765982043497,"p":2541775,"v":1,"s":"BID","sym":"NQH6.CME"}
{"seq":47053,"ts":1765982043510,"p":2541750,"v":1,"s":"BID","sym":"NQH6.CME"}
{"seq":47054,"ts":1765982043694,"p":2541725,"v":1,"s":"BID","sym":"NQH6.CME"}
{"seq":47055,"ts":1765982043694,"p":2541700,"v":1,"s":"BID","sym":"NQH6.CME"}
{"seq":47056,"ts":1765982043695,"p":2541675,"v":1,"s":"BID","sym":"NQH6.CME"}
{"seq":47057,"ts":1765982043695,"p":2541675,"v":1,"s":"BID","sym":"NQH6.CME"}
{"seq":47058,"ts":1765982043695,"p":2541675,"v":1,"s":"BID","sym":"NQH6.CME"}
{"seq":47059,"ts":1765982043716,"p":2541700,"v":1,"s":"ASK","sym":"NQH6.CME"}
{"seq":47060,"ts":1765982043722,"p":2541675,"v":1,"s":"BID","sym":"NQH6.CME"}
{"seq":47061,"ts":1765982043758,"p":2541750,"v":1,"s":"ASK","sym":"NQH6.CME"}
{"seq":47062,"ts":1765982043857,"p":2541775,"v":1,"s":"BID","sym":"NQH6.CME"}
{"seq":47063,"ts":1765982043942,"p":2541700,"v":1,"s":"BID","sym":"NQH6.CME"}
{"seq":47064,"ts":1765982043998,"p":2541725,"v":1,"s":"ASK","sym":"NQH6.CME"}
{"seq":47065,"ts":1765982043999,"p":2541700,"v":1,"s":"BID","sym":"NQH6.CME"}
{"seq":47066,"ts":1765982043999,"p":2541700,"v":1,"s":"BID","sym":"NQH6.CME"}
{"seq":47067,"ts":1765982044129,"p":2541600,"v":1,"s":"ASK","sym":"NQH6.CME"}
{"seq":47068,"ts":1765982044130,"p":2541600,"v":1,"s":"ASK","sym":"NQH6.CME"}
{"seq":47069,"ts":1765982044321,"p":2541550,"v":1,"s":"BID","sym":"NQH6.CME"}
{"seq":47070,"ts":1765982044405,"p":2541500,"v":1,"s":"BID","sym":"NQH6.CME"}
{"seq":47071,"ts":1765982044448,"p":2541475,"v":1,"s":"BID","sym":"NQH6.CME"}
{"seq":47072,"ts":1765982044461,"p":2541375,"v":1,"s":"BID","sym":"NQH6.CME"}
{"seq":47073,"ts":1765982044492,"p":2541425,"v":1,"s":"ASK","sym":"NQH6.CME"}
{"seq":47074,"ts":1765982044847,"p":2541500,"v":1,"s":"BID","sym":"NQH6.CME"}
{"seq":47075,"ts":1765982044847,"p":2541500,"v":1,"s":"BID","sym":"NQH6.CME"}
{"seq":47076,"ts":1765982044847,"p":2541475,"v":1,"s":"BID","sym":"NQH6.CME"}
{"seq":47077,"ts":1765982044847,"p":2541475,"v":1,"s":"BID","sym":"NQH6.CME"}
{"seq":47078,"ts":1765982044847,"p":2541475,"v":1,"s":"BID","sym":"NQH6.CME"}
{"seq":47079,"ts":1765982044847,"p":2541450,"v":1,"s":"BID","sym":"NQH6.CME"}
{"seq":47080,"ts":1765982044847,"p":2541450,"v":1,"s":"BID","sym":"NQH6.CME"}
{"seq":47081,"ts":1765982044847,"p":2541450,"v":1,"s":"BID","sym":"NQH6.CME"}
{"seq":47082,"ts":1765982044854,"p":2541500,"v":1,"s":"BID","sym":"NQH6.CME"}
{"seq":47083,"ts":1765982044854,"p":2541500,"v":1,"s":"BID","sym":"NQH6.CME"}
{"seq":47084,"ts":1765982044854,"p":2541475,"v":1,"s":"BID","sym":"NQH6.CME"}
{"seq":47085,"ts":1765982044854,"p":2541475,"v":1,"s":"BID","sym":"NQH6.CME"}
{"seq":47086,"ts":1765982044854,"p":2541475,"v":1,"s":"BID","sym":"NQH6.CME"}
{"seq":47087,"ts":1765982044854,"p":2541475,"v":1,"s":"BID","sym":"NQH6.CME"}
{"seq":47088,"ts":1765982044854,"p":2541475,"v":1,"s":"BID","sym":"NQH6.CME"}
{"seq":47089,"ts":1765982044854,"p":2541475,"v":1,"s":"BID","sym":"NQH6.CME"}
{"seq":47090,"ts":1765982044860,"p":2541500,"v":1,"s":"ASK","sym":"NQH6.CME"}
{"seq":47091,"ts":1765982044862,"p":2541450,"v":1,"s":"BID","sym":"NQH6.CME"}
{"seq":47092,"ts":1765982044862,"p":2541450,"v":1,"s":"BID","sym":"NQH6.CME"}
{"seq":47093,"ts":1765982044862,"p":2541450,"v":1,"s":"BID","sym":"NQH6.CME"}
{"seq":47094,"ts":1765982044862,"p":2541450,"v":1,"s":"BID","sym":"NQH6.CME"}
{"seq":47095,"ts":1765982044862,"p":2541425,"v":1,"s":"BID","sym":"NQH6.CME"}
{"seq":47096,"ts":1765982044862,"p":2541425,"v":1,"s":"BID","sym":"NQH6.CME"}
{"seq":47097,"ts":1765982044862,"p":2541425,"v":1,"s":"BID","sym":"NQH6.CME"}
{"seq":47098,"ts":1765982044862,"p":2541425,"v":1,"s":"BID","sym":"NQH6.CME"}
{"seq":47099,"ts":1765982044869,"p":2541375,"v":1,"s":"BID","sym":"NQH6.CME"}
{"seq":47100,"ts":1765982044869,"p":2541375,"v":1,"s":"BID","sym":"NQH6.CME"}
{"seq":47101,"ts":1765982044869,"p":2541350,"v":1,"s":"BID","sym":"NQH6.CME"}
{"seq":47102,"ts":1765982044869,"p":2541350,"v":1,"s":"BID","sym":"NQH6.CME"}
{"seq":47103,"ts":1765982044869,"p":2541350,"v":1,"s":"BID","sym":"NQH6.CME"}
{"seq":47104,"ts":1765982044869,"p":2541350,"v":1,"s":"BID","sym":"NQH6.CME"}
{"seq":47105,"ts":1765982044869,"p":2541350,"v":1,"s":"BID","sym":"NQH6.CME"}
{"seq":47106,"ts":1765982044869,"p":2541325,"v":1,"s":"BID","sym":"NQH6.CME"}
{"seq":47107,"ts":1765982044874,"p":2541325,"v":1,"s":"BID","sym":"NQH6.CME"}
{"seq":47108,"ts":1765982044874,"p":2541325,"v":1,"s":"BID","sym":"NQH6.CME"}
{"seq":47109,"ts":1765982044874,"p":2541325,"v":1,"s":"BID","sym":"NQH6.CME"}
{"seq":47110,"ts":1765982044874,"p":2541300,"v":1,"s":"BID","sym":"NQH6.CME"}
{"seq":47111,"ts":1765982044874,"p":2541300,"v":1,"s":"BID","sym":"NQH6.CME"}
{"seq":47112,"ts":1765982044874,"p":2541300,"v":1,"s":"BID","sym":"NQH6.CME"}
{"seq":47113,"ts":1765982044874,"p":2541300,"v":1,"s":"BID","sym":"NQH6.CME"}
{"seq":47114,"ts":1765982044874,"p":2541275,"v":1,"s":"BID","sym":"NQH6.CME"}
{"seq":47115,"ts":1765982044874,"p":2541275,"v":1,"s":"BID","sym":"NQH6.CME"}
{"seq":47116,"ts":1765982044876,"p":2541350,"v":1,"s":"ASK","sym":"NQH6.CME"}
{"seq":47117,"ts":1765982044876,"p":2541325,"v":1,"s":"ASK","sym":"NQH6.CME"}
{"seq":47118,"ts":1765982044895,"p":2541400,"v":1,"s":"ASK","sym":"NQH6.CME"}
{"seq":47119,"ts":1765982044895,"p":2541425,"v":1,"s":"ASK","sym":"NQH6.CME"}
{"seq":47120,"ts":1765982044895,"p":2541425,"v":1,"s":"ASK","sym":"NQH6.CME"}
{"seq":47121,"ts":1765982044993,"p":2541425,"v":1,"s":"ASK","sym":"NQH6.CME"}
{"seq":47122,"ts":1765982044993,"p":2541450,"v":1,"s":"ASK","sym":"NQH6.CME"}
{"seq":47123,"ts":1765982044993,"p":2541450,"v":1,"s":"ASK","sym":"NQH6.CME"}
{"seq":47124,"ts":1765982044993,"p":2541450,"v":1,"s":"ASK","sym":"NQH6.CME"}
{"seq":47125,"ts":1765982044993,"p":2541450,"v":1,"s":"ASK","sym":"NQH6.CME"}
{"seq":47126,"ts":1765982044993,"p":2541475,"v":1,"s":"ASK","sym":"NQH6.CME"}
{"seq":47127,"ts":1765982044995,"p":2541400,"v":1,"s":"BID","sym":"NQH6.CME"}
{"seq":47128,"ts":1765982044998,"p":2541500,"v":1,"s":"ASK","sym":"NQH6.CME"}
{"seq":47129,"ts":1765982044998,"p":2541500,"v":1,"s":"ASK","sym":"NQH6.CME"}
{"seq":47130,"ts":1765982045032,"p":2541350,"v":1,"s":"ASK","sym":"NQH6.CME"}
{"seq":47131,"ts":1765982045063,"p":2541250,"v":1,"s":"BID","sym":"NQH6.CME"}
{"seq":47132,"ts":1765982045063,"p":2541250,"v":1,"s":"BID","sym":"NQH6.CME"}
{"seq":47133,"ts":1765982045064,"p":2541225,"v":1,"s":"BID","sym":"NQH6.CME"}
{"seq":47134,"ts":1765982045064,"p":2541225,"v":1,"s":"BID","sym":"NQH6.CME"}
{"seq":47135,"ts":1765982045064,"p":2541225,"v":1,"s":"BID","sym":"NQH6.CME"}
{"seq":47136,"ts":1765982045064,"p":2541225,"v":1,"s":"BID","sym":"NQH6.CME"}
{"seq":47137,"ts":1765982045064,"p":2541200,"v":1,"s":"BID","sym":"NQH6.CME"}
{"seq":47138,"ts":1765982045064,"p":2541200,"v":1,"s":"BID","sym":"NQH6.CME"}
{"seq":47139,"ts":1765982045064,"p":2541225,"v":1,"s":"ASK","sym":"NQH6.CME"}
{"seq":47140,"ts":1765982045076,"p":2541250,"v":1,"s":"ASK","sym":"NQH6.CME"}
{"seq":47141,"ts":1765982045111,"p":2541275,"v":1,"s":"ASK","sym":"NQH6.CME"}
{"seq":47142,"ts":1765982045130,"p":2541300,"v":1,"s":"ASK","sym":"NQH6.CME"}
{"seq":47143,"ts":1765982045173,"p":2541425,"v":1,"s":"ASK","sym":"NQH6.CME"}
{"seq":47144,"ts":1765982045173,"p":2541425,"v":1,"s":"ASK","sym":"NQH6.CME"}
{"seq":47145,"ts":1765982045173,"p":2541425,"v":1,"s":"ASK","sym":"NQH6.CME"}
{"seq":47146,"ts":1765982045173,"p":2541375,"v":1,"s":"BID","sym":"NQH6.CME"}
{"seq":47147,"ts":1765982045173,"p":2541375,"v":1,"s":"BID","sym":"NQH6.CME"}
{"seq":47148,"ts":1765982045173,"p":2541375,"v":1,"s":"BID","sym":"NQH6.CME"}
{"seq":47149,"ts":1765982045173,"p":2541350,"v":1,"s":"BID","sym":"NQH6.CME"}
{"seq":47150,"ts":1765982045175,"p":2541400,"v":1,"s":"BID","sym":"NQH6.CME"}
{"seq":47151,"ts":1765982045175,"p":2541375,"v":1,"s":"BID","sym":"NQH6.CME"}
{"seq":47152,"ts":1765982045183,"p":2541450,"v":1,"s":"ASK","sym":"NQH6.CME"}
{"seq":47153,"ts":1765982045253,"p":2541550,"v":1,"s":"BID","sym":"NQH6.CME"}
{"seq":47154,"ts":1765982045255,"p":2541600,"v":1,"s":"ASK","sym":"NQH6.CME"}
{"seq":47155,"ts":1765982045255,"p":2541600,"v":1,"s":"ASK","sym":"NQH6.CME"}
{"seq":47156,"ts":1765982045343,"p":2541400,"v":1,"s":"ASK","sym":"NQH6.CME"}
{"seq":47157,"ts":1765982045344,"p":2541425,"v":1,"s":"ASK","sym":"NQH6.CME"}
{"seq":47158,"ts":1765982045471,"p":2541425,"v":1,"s":"ASK","sym":"NQH6.CME"}
{"seq":47159,"ts":1765982045639,"p":2541600,"v":1,"s":"ASK","sym":"NQH6.CME"}
{"seq":47160,"ts":1765982045647,"p":2541625,"v":1,"s":"ASK","sym":"NQH6.CME"}
{"seq":47161,"ts":1765982045656,"p":2541750,"v":1,"s":"ASK","sym":"NQH6.CME"}
{"seq":47162,"ts":1765982045656,"p":2541775,"v":1,"s":"ASK","sym":"NQH6.CME"}
{"seq":47163,"ts":1765982045658,"p":2541800,"v":1,"s":"ASK","sym":"NQH6.CME"}
{"seq":47164,"ts":1765982045668,"p":2541775,"v":1,"s":"BID","sym":"NQH6.CME"}
{"seq":47165,"ts":1765982045748,"p":2541700,"v":1,"s":"BID","sym":"NQH6.CME"}
{"seq":47166,"ts":1765982045828,"p":2541700,"v":1,"s":"BID","sym":"NQH6.CME"}
{"seq":47167,"ts":1765982045842,"p":2541700,"v":1,"s":"ASK","sym":"NQH6.CME"}
{"seq":47168,"ts":1765982045853,"p":2541850,"v":1,"s":"ASK","sym":"NQH6.CME"}
{"seq":47169,"ts":1765982045853,"p":2541850,"v":1,"s":"ASK","sym":"NQH6.CME"}
{"seq":47170,"ts":1765982045854,"p":2541875,"v":1,"s":"ASK","sym":"NQH6.CME"}
{"seq":47171,"ts":1765982045860,"p":2541825,"v":1,"s":"BID","sym":"NQH6.CME"}
{"seq":47172,"ts":1765982045860,"p":2541825,"v":1,"s":"BID","sym":"NQH6.CME"}
{"seq":47173,"ts":1765982045865,"p":2541825,"v":1,"s":"ASK","sym":"NQH6.CME"}
{"seq":47174,"ts":1765982045865,"p":2541825,"v":1,"s":"ASK","sym":"NQH6.CME"}
{"seq":47175,"ts":1765982045950,"p":2541775,"v":1,"s":"ASK","sym":"NQH6.CME"}
{"seq":47176,"ts":1765982046012,"p":2541700,"v":1,"s":"BID","sym":"NQH6.CME"}
{"seq":47177,"ts":1765982046207,"p":2541525,"v":1,"s":"BID","sym":"NQH6.CME"}
{"seq":47178,"ts":1765982046216,"p":2541475,"v":1,"s":"BID","sym":"NQH6.CME"}
{"seq":47179,"ts":1765982046216,"p":2541450,"v":1,"s":"BID","sym":"NQH6.CME"}
{"seq":47180,"ts":1765982046216,"p":2541450,"v":1,"s":"BID","sym":"NQH6.CME"}
{"seq":47181,"ts":1765982046219,"p":2541375,"v":2,"s":"BID","sym":"NQH6.CME"}
{"seq":47182,"ts":1765982046219,"p":2541400,"v":1,"s":"ASK","sym":"NQH6.CME"}
{"seq":47183,"ts":1765982046268,"p":2541325,"v":1,"s":"ASK","sym":"NQH6.CME"}
{"seq":47184,"ts":1765982046377,"p":2541550,"v":1,"s":"ASK","sym":"NQH6.CME"}
{"seq":47185,"ts":1765982046401,"p":2541575,"v":1,"s":"ASK","sym":"NQH6.CME"}
{"seq":47186,"ts":1765982046443,"p":2541750,"v":2,"s":"ASK","sym":"NQH6.CME"}
{"seq":47187,"ts":1765982046443,"p":2541750,"v":1,"s":"ASK","sym":"NQH6.CME"}
{"seq":47188,"ts":1765982046488,"p":2541800,"v":1,"s":"BID","sym":"NQH6.CME"}
{"seq":47189,"ts":1765982046488,"p":2541825,"v":1,"s":"ASK","sym":"NQH6.CME"}
{"seq":47190,"ts":1765982046504,"p":2541825,"v":1,"s":"BID","sym":"NQH6.CME"}
{"seq":47191,"ts":1765982046504,"p":2541825,"v":1,"s":"BID","sym":"NQH6.CME"}
{"seq":47192,"ts":1765982046508,"p":2541850,"v":1,"s":"ASK","sym":"NQH6.CME"}
{"seq":47193,"ts":1765982046508,"p":2541850,"v":1,"s":"ASK","sym":"NQH6.CME"}
{"seq":47194,"ts":1765982046579,"p":2541950,"v":1,"s":"ASK","sym":"NQH6.CME"}
{"seq":47195,"ts":1765982046579,"p":2541950,"v":1,"s":"ASK","sym":"NQH6.CME"}
{"seq":47196,"ts":1765982046580,"p":2541925,"v":1,"s":"BID","sym":"NQH6.CME"}
{"seq":47197,"ts":1765982046580,"p":2541925,"v":1,"s":"BID","sym":"NQH6.CME"}
{"seq":47198,"ts":1765982046583,"p":2541925,"v":1,"s":"ASK","sym":"NQH6.CME"}
{"seq":47199,"ts":1765982046584,"p":2541925,"v":1,"s":"ASK","sym":"NQH6.CME"}
{"seq":47200,"ts":1765982046587,"p":2541975,"v":3,"s":"ASK","sym":"NQH6.CME"}
{"seq":47201,"ts":1765982046588,"p":2542000,"v":1,"s":"ASK","sym":"NQH6.CME"}
{"seq":47202,"ts":1765982046593,"p":2541925,"v":1,"s":"BID","sym":"NQH6.CME"}
{"seq":47203,"ts":1765982046612,"p":2541850,"v":1,"s":"BID","sym":"NQH6.CME"}
{"seq":47204,"ts":1765982046612,"p":2541825,"v":1,"s":"BID","sym":"NQH6.CME"}
{"seq":47205,"ts":1765982046612,"p":2541825,"v":1,"s":"BID","sym":"NQH6.CME"}
{"seq":47206,"ts":1765982046634,"p":2541900,"v":1,"s":"BID","sym":"NQH6.CME"}
{"seq":47207,"ts":1765982046634,"p":2541900,"v":1,"s":"BID","sym":"NQH6.CME"}
{"seq":47208,"ts":1765982046695,"p":2541775,"v":1,"s":"BID","sym":"NQH6.CME"}
{"seq":47209,"ts":1765982046697,"p":2541775,"v":1,"s":"BID","sym":"NQH6.CME"}
{"seq":47210,"ts":1765982046698,"p":2541775,"v":1,"s":"BID","sym":"NQH6.CME"}
{"seq":47211,"ts":1765982046730,"p":2541775,"v":1,"s":"ASK","sym":"NQH6.CME"}
{"seq":47212,"ts":1765982046730,"p":2541800,"v":1,"s":"ASK","sym":"NQH6.CME"}
{"seq":47213,"ts":1765982046730,"p":2541800,"v":1,"s":"ASK","sym":"NQH6.CME"}
{"seq":47214,"ts":1765982046730,"p":2541800,"v":1,"s":"ASK","sym":"NQH6.CME"}
{"seq":47215,"ts":1765982046730,"p":2541775,"v":1,"s":"ASK","sym":"NQH6.CME"}
{"seq":47216,"ts":1765982046731,"p":2541825,"v":1,"s":"ASK","sym":"NQH6.CME"}
{"seq":47217,"ts":1765982046733,"p":2541850,"v":1,"s":"ASK","sym":"NQH6.CME"}
{"seq":47218,"ts":1765982046743,"p":2541875,"v":1,"s":"BID","sym":"NQH6.CME"}
{"seq":47219,"ts":1765982046755,"p":2541825,"v":1,"s":"BID","sym":"NQH6.CME"}
{"seq":47220,"ts":1765982046827,"p":2541950,"v":1,"s":"BID","sym":"NQH6.CME"}
{"seq":47221,"ts":1765982046896,"p":2541950,"v":1,"s":"BID","sym":"NQH6.CME"}
{"seq":47222,"ts":1765982046896,"p":2541950,"v":1,"s":"BID","sym":"NQH6.CME"}
{"seq":47223,"ts":1765982046896,"p":2541925,"v":1,"s":"BID","sym":"NQH6.CME"}
{"seq":47224,"ts":1765982046896,"p":2541925,"v":1,"s":"BID","sym":"NQH6.CME"}
{"seq":47225,"ts":1765982046896,"p":2541925,"v":1,"s":"BID","sym":"NQH6.CME"}
{"seq":47226,"ts":1765982046896,"p":2541900,"v":1,"s":"BID","sym":"NQH6.CME"}
{"seq":47227,"ts":1765982047006,"p":2541950,"v":1,"s":"BID","sym":"NQH6.CME"}
{"seq":47228,"ts":1765982047006,"p":2541925,"v":1,"s":"BID","sym":"NQH6.CME"}
{"seq":47229,"ts":1765982047006,"p":2541925,"v":1,"s":"BID","sym":"NQH6.CME"}
{"seq":47230,"ts":1765982047017,"p":2541825,"v":1,"s":"BID","sym":"NQH6.CME"}
{"seq":47231,"ts":1765982047017,"p":2541800,"v":1,"s":"BID","sym":"NQH6.CME"}
{"seq":47232,"ts":1765982047065,"p":2541850,"v":1,"s":"ASK","sym":"NQH6.CME"}
{"seq":47233,"ts":1765982047065,"p":2541875,"v":1,"s":"ASK","sym":"NQH6.CME"}
{"seq":47234,"ts":1765982047149,"p":2541800,"v":1,"s":"ASK","sym":"NQH6.CME"}
{"seq":47235,"ts":1765982047149,"p":2541825,"v":1,"s":"ASK","sym":"NQH6.CME"}
{"seq":47236,"ts":1765982047149,"p":2541825,"v":1,"s":"ASK","sym":"NQH6.CME"}
{"seq":47237,"ts":1765982047149,"p":2541825,"v":1,"s":"ASK","sym":"NQH6.CME"}
{"seq":47238,"ts":1765982047149,"p":2541825,"v":1,"s":"ASK","sym":"NQH6.CME"}
{"seq":47239,"ts":1765982047149,"p":2541825,"v":1,"s":"ASK","sym":"NQH6.CME"}
{"seq":47240,"ts":1765982047149,"p":2541850,"v":1,"s":"ASK","sym":"NQH6.CME"}
{"seq":47241,"ts":1765982047149,"p":2541850,"v":1,"s":"ASK","sym":"NQH6.CME"}
{"seq":47242,"ts":1765982047149,"p":2541850,"v":1,"s":"ASK","sym":"NQH6.CME"}
{"seq":47243,"ts":1765982047149,"p":2541875,"v":1,"s":"ASK","sym":"NQH6.CME"}
{"seq":47244,"ts":1765982047149,"p":2541875,"v":1,"s":"ASK","sym":"NQH6.CME"}
{"seq":47245,"ts":1765982047149,"p":2541875,"v":1,"s":"ASK","sym":"NQH6.CME"}
{"seq":47246,"ts":1765982047149,"p":2541875,"v":1,"s":"ASK","sym":"NQH6.CME"}
{"seq":47247,"ts":1765982047149,"p":2541900,"v":1,"s":"ASK","sym":"NQH6.CME"}
{"seq":47248,"ts":1765982047149,"p":2541900,"v":1,"s":"ASK","sym":"NQH6.CME"}
{"seq":47249,"ts":1765982047156,"p":2541775,"v":1,"s":"BID","sym":"NQH6.CME"}
{"seq":47250,"ts":1765982047156,"p":2541775,"v":1,"s":"BID","sym":"NQH6.CME"}
{"seq":47251,"ts":1765982047190,"p":2541750,"v":1,"s":"BID","sym":"NQH6.CME"}
{"seq":47252,"ts":1765982047190,"p":2541725,"v":1,"s":"BID","sym":"NQH6.CME"}
{"seq":47253,"ts":1765982047242,"p":2541825,"v":1,"s":"ASK","sym":"NQH6.CME"}
{"seq":47254,"ts":1765982047406,"p":2541775,"v":2,"s":"BID","sym":"NQH6.CME"}
{"seq":47255,"ts":1765982047407,"p":2541750,"v":1,"s":"BID","sym":"NQH6.CME"}
{"seq":47256,"ts":1765982047407,"p":2541725,"v":1,"s":"BID","sym":"NQH6.CME"}
{"seq":47257,"ts":1765982047407,"p":2541725,"v":1,"s":"BID","sym":"NQH6.CME"}
{"seq":47258,"ts":1765982047407,"p":2541725,"v":1,"s":"BID","sym":"NQH6.CME"}
{"seq":47259,"ts":1765982047459,"p":2541700,"v":1,"s":"BID","sym":"NQH6.CME"}
{"seq":47260,"ts":1765982047461,"p":2541675,"v":1,"s":"BID","sym":"NQH6.CME"}
{"seq":47261,"ts":1765982047469,"p":2541625,"v":1,"s":"BID","sym":"NQH6.CME"}
{"seq":47262,"ts":1765982047469,"p":2541600,"v":1,"s":"BID","sym":"NQH6.CME"}
{"seq":47263,"ts":1765982047469,"p":2541600,"v":1,"s":"BID","sym":"NQH6.CME"}
{"seq":47264,"ts":1765982047470,"p":2541575,"v":1,"s":"BID","sym":"NQH6.CME"}
{"seq":47265,"ts":1765982047476,"p":2541525,"v":1,"s":"BID","sym":"NQH6.CME"}
{"seq":47266,"ts":1765982047557,"p":2541525,"v":1,"s":"ASK","sym":"NQH6.CME"}
{"seq":47267,"ts":1765982047558,"p":2541550,"v":1,"s":"ASK","sym":"NQH6.CME"}
{"seq":47268,"ts":1765982047634,"p":2541600,"v":1,"s":"BID","sym":"NQH6.CME"}
{"seq":47269,"ts":1765982047909,"p":2541475,"v":1,"s":"BID","sym":"NQH6.CME"}
{"seq":47270,"ts":1765982047909,"p":2541475,"v":1,"s":"BID","sym":"NQH6.CME"}
{"seq":47271,"ts":1765982047909,"p":2541450,"v":1,"s":"BID","sym":"NQH6.CME"}
{"seq":47272,"ts":1765982047909,"p":2541450,"v":1,"s":"BID","sym":"NQH6.CME"}
{"seq":47273,"ts":1765982047909,"p":2541450,"v":1,"s":"BID","sym":"NQH6.CME"}
{"seq":47274,"ts":1765982047910,"p":2541425,"v":1,"s":"BID","sym":"NQH6.CME"}
{"seq":47275,"ts":1765982048314,"p":2541350,"v":1,"s":"BID","sym":"NQH6.CME"}
{"seq":47276,"ts":1765982048314,"p":2541325,"v":1,"s":"BID","sym":"NQH6.CME"}
{"seq":47277,"ts":1765982048314,"p":2541325,"v":1,"s":"BID","sym":"NQH6.CME"}
{"seq":47278,"ts":1765982048314,"p":2541325,"v":1,"s":"BID","sym":"NQH6.CME"}
{"seq":47279,"ts":1765982048314,"p":2541300,"v":1,"s":"BID","sym":"NQH6.CME"}
{"seq":47280,"ts":1765982048314,"p":2541300,"v":1,"s":"BID","sym":"NQH6.CME"}
{"seq":47281,"ts":1765982048314,"p":2541300,"v":1,"s":"BID","sym":"NQH6.CME"}
{"seq":47282,"ts":1765982048319,"p":2541325,"v":1,"s":"BID","sym":"NQH6.CME"}
{"seq":47283,"ts":1765982048319,"p":2541400,"v":1,"s":"ASK","sym":"NQH6.CME"}
{"seq":47284,"ts":1765982048376,"p":2541475,"v":1,"s":"ASK","sym":"NQH6.CME"}
{"seq":47285,"ts":1765982048377,"p":2541525,"v":1,"s":"ASK","sym":"NQH6.CME"}
{"seq":47286,"ts":1765982048379,"p":2541525,"v":1,"s":"ASK","sym":"NQH6.CME"}
{"seq":47287,"ts":1765982048379,"p":2541525,"v":1,"s":"ASK","sym":"NQH6.CME"}
{"seq":47288,"ts":1765982048688,"p":2541375,"v":1,"s":"BID","sym":"NQH6.CME"}
{"seq":47289,"ts":1765982048688,"p":2541350,"v":1,"s":"BID","sym":"NQH6.CME"}
{"seq":47290,"ts":1765982048688,"p":2541325,"v":1,"s":"BID","sym":"NQH6.CME"}
{"seq":47291,"ts":1765982048688,"p":2541325,"v":1,"s":"BID","sym":"NQH6.CME"}
{"seq":47292,"ts":1765982048853,"p":2541375,"v":1,"s":"BID","sym":"NQH6.CME"}
{"seq":47293,"ts":1765982048853,"p":2541375,"v":1,"s":"BID","sym":"NQH6.CME"}
{"seq":47294,"ts":1765982048853,"p":2541350,"v":1,"s":"BID","sym":"NQH6.CME"}
{"seq":47295,"ts":1765982048853,"p":2541350,"v":1,"s":"BID","sym":"NQH6.CME"}
{"seq":47296,"ts":1765982048879,"p":2541425,"v":1,"s":"ASK","sym":"NQH6.CME"}
{"seq":47297,"ts":1765982048879,"p":2541450,"v":1,"s":"ASK","sym":"NQH6.CME"}
{"seq":47298,"ts":1765982048879,"p":2541450,"v":1,"s":"ASK","sym":"NQH6.CME"}
{"seq":47299,"ts":1765982048879,"p":2541475,"v":1,"s":"ASK","sym":"NQH6.CME"}
{"seq":47300,"ts":1765982048879,"p":2541475,"v":1,"s":"ASK","sym":"NQH6.CME"}
{"seq":47301,"ts":1765982048904,"p":2541500,"v":1,"s":"ASK","sym":"NQH6.CME"}
{"seq":47302,"ts":1765982048904,"p":2541500,"v":1,"s":"ASK","sym":"NQH6.CME"}
{"seq":47303,"ts":1765982048905,"p":2541525,"v":1,"s":"ASK","sym":"NQH6.CME"}
{"seq":47304,"ts":1765982048905,"p":2541525,"v":1,"s":"ASK","sym":"NQH6.CME"}
{"seq":47305,"ts":1765982048905,"p":2541550,"v":1,"s":"ASK","sym":"NQH6.CME"}
{"seq":47306,"ts":1765982048906,"p":2541575,"v":1,"s":"ASK","sym":"NQH6.CME"}
{"seq":47307,"ts":1765982048910,"p":2541550,"v":1,"s":"BID","sym":"NQH6.CME"}
{"seq":47308,"ts":1765982048910,"p":2541550,"v":1,"s":"BID","sym":"NQH6.CME"}
{"seq":47309,"ts":1765982048943,"p":2541475,"v":1,"s":"BID","sym":"NQH6.CME"}
{"seq":47310,"ts":1765982049089,"p":2541225,"v":1,"s":"ASK","sym":"NQH6.CME"}
{"seq":47311,"ts":1765982049089,"p":2541250,"v":1,"s":"ASK","sym":"NQH6.CME"}
{"seq":47312,"ts":1765982049089,"p":2541300,"v":1,"s":"ASK","sym":"NQH6.CME"}
{"seq":47313,"ts":1765982049089,"p":2541300,"v":1,"s":"ASK","sym":"NQH6.CME"}
{"seq":47314,"ts":1765982049091,"p":2541225,"v":1,"s":"BID","sym":"NQH6.CME"}
{"seq":47315,"ts":1765982049130,"p":2541225,"v":1,"s":"BID","sym":"NQH6.CME"}
{"seq":47316,"ts":1765982049131,"p":2541250,"v":1,"s":"ASK","sym":"NQH6.CME"}
{"seq":47317,"ts":1765982049133,"p":2541250,"v":1,"s":"BID","sym":"NQH6.CME"}
{"seq":47318,"ts":1765982049133,"p":2541250,"v":1,"s":"BID","sym":"NQH6.CME"}
{"seq":47319,"ts":1765982049136,"p":2541225,"v":1,"s":"ASK","sym":"NQH6.CME"}
{"seq":47320,"ts":1765982049167,"p":2541325,"v":1,"s":"ASK","sym":"NQH6.CME"}
{"seq":47321,"ts":1765982049167,"p":2541350,"v":1,"s":"ASK","sym":"NQH6.CME"}
{"seq":47322,"ts":1765982049245,"p":2541275,"v":1,"s":"ASK","sym":"NQH6.CME"}
{"seq":47323,"ts":1765982049314,"p":2541300,"v":1,"s":"ASK","sym":"NQH6.CME"}
{"seq":47324,"ts":1765982049562,"p":2541450,"v":1,"s":"ASK","sym":"NQH6.CME"}
{"seq":47325,"ts":1765982049607,"p":2541500,"v":1,"s":"ASK","sym":"NQH6.CME"}
{"seq":47326,"ts":1765982049652,"p":2541525,"v":1,"s":"BID","sym":"NQH6.CME"}
{"seq":47327,"ts":1765982049761,"p":2541475,"v":1,"s":"ASK","sym":"NQH6.CME"}
{"seq":47328,"ts":1765982049851,"p":2541550,"v":1,"s":"ASK","sym":"NQH6.CME"}
{"seq":47329,"ts":1765982049993,"p":2541600,"v":1,"s":"ASK","sym":"NQH6.CME"}
{"seq":47330,"ts":1765982050026,"p":2541650,"v":1,"s":"ASK","sym":"NQH6.CME"}
{"seq":47331,"ts":1765982050026,"p":2541650,"v":1,"s":"ASK","sym":"NQH6.CME"}
{"seq":47332,"ts":1765982050036,"p":2541550,"v":1,"s":"ASK","sym":"NQH6.CME"}
{"seq":47333,"ts":1765982050108,"p":2541525,"v":1,"s":"ASK","sym":"NQH6.CME"}
{"seq":47334,"ts":1765982050108,"p":2541525,"v":1,"s":"ASK","sym":"NQH6.CME"}
{"seq":47335,"ts":1765982050108,"p":2541550,"v":1,"s":"ASK","sym":"NQH6.CME"}
{"seq":47336,"ts":1765982050108,"p":2541550,"v":1,"s":"ASK","sym":"NQH6.CME"}
{"seq":47337,"ts":1765982050148,"p":2541650,"v":1,"s":"ASK","sym":"NQH6.CME"}
{"seq":47338,"ts":1765982050230,"p":2541500,"v":1,"s":"BID","sym":"NQH6.CME"}
{"seq":47339,"ts":1765982050354,"p":2541450,"v":1,"s":"BID","sym":"NQH6.CME"}
{"seq":47340,"ts":1765982050382,"p":2541400,"v":1,"s":"BID","sym":"NQH6.CME"}
{"seq":47341,"ts":1765982050391,"p":2541350,"v":1,"s":"BID","sym":"NQH6.CME"}
{"seq":47342,"ts":1765982050391,"p":2541350,"v":1,"s":"BID","sym":"NQH6.CME"}
{"seq":47343,"ts":1765982050392,"p":2541325,"v":1,"s":"BID","sym":"NQH6.CME"}
{"seq":47344,"ts":1765982050412,"p":2541300,"v":1,"s":"BID","sym":"NQH6.CME"}
{"seq":47345,"ts":1765982050416,"p":2541275,"v":1,"s":"BID","sym":"NQH6.CME"}
{"seq":47346,"ts":1765982050416,"p":2541250,"v":1,"s":"BID","sym":"NQH6.CME"}
{"seq":47347,"ts":1765982050427,"p":2541275,"v":1,"s":"ASK","sym":"NQH6.CME"}
{"seq":47348,"ts":1765982050427,"p":2541275,"v":1,"s":"ASK","sym":"NQH6.CME"}
{"seq":47349,"ts":1765982050469,"p":2541250,"v":1,"s":"ASK","sym":"NQH6.CME"}
{"seq":47350,"ts":1765982050469,"p":2541250,"v":1,"s":"ASK","sym":"NQH6.CME"}
{"seq":47351,"ts":1765982050474,"p":2541250,"v":1,"s":"BID","sym":"NQH6.CME"}
{"seq":47352,"ts":1765982050474,"p":2541275,"v":1,"s":"ASK","sym":"NQH6.CME"}
{"seq":47353,"ts":1765982050576,"p":2541375,"v":1,"s":"ASK","sym":"NQH6.CME"}
{"seq":47354,"ts":1765982050590,"p":2541325,"v":1,"s":"BID","sym":"NQH6.CME"}
{"seq":47355,"ts":1765982050590,"p":2541325,"v":1,"s":"BID","sym":"NQH6.CME"}
{"seq":47356,"ts":1765982050592,"p":2541325,"v":1,"s":"BID","sym":"NQH6.CME"}
{"seq":47357,"ts":1765982050642,"p":2541375,"v":1,"s":"ASK","sym":"NQH6.CME"}
{"seq":47358,"ts":1765982050642,"p":2541375,"v":1,"s":"ASK","sym":"NQH6.CME"}
{"seq":47359,"ts":1765982050810,"p":2541375,"v":1,"s":"BID","sym":"NQH6.CME"}
{"seq":47360,"ts":1765982050856,"p":2541525,"v":1,"s":"ASK","sym":"NQH6.CME"}
{"seq":47361,"ts":1765982050857,"p":2541550,"v":1,"s":"ASK","sym":"NQH6.CME"}
{"seq":47362,"ts":1765982050878,"p":2541475,"v":1,"s":"BID","sym":"NQH6.CME"}
{"seq":47363,"ts":1765982050981,"p":2541575,"v":1,"s":"ASK","sym":"NQH6.CME"}
{"seq":47364,"ts":1765982050982,"p":2541575,"v":1,"s":"ASK","sym":"NQH6.CME"}
{"seq":47365,"ts":1765982050992,"p":2541575,"v":1,"s":"ASK","sym":"NQH6.CME"}
{"seq":47366,"ts":1765982051026,"p":2541600,"v":1,"s":"ASK","sym":"NQH6.CME"}
{"seq":47367,"ts":1765982051054,"p":2541550,"v":1,"s":"BID","sym":"NQH6.CME"}
{"seq":47368,"ts":1765982051433,"p":2541375,"v":1,"s":"BID","sym":"NQH6.CME"}
{"seq":47369,"ts":1765982051562,"p":2541400,"v":1,"s":"ASK","sym":"NQH6.CME"}
{"seq":47370,"ts":1765982051572,"p":2541325,"v":1,"s":"BID","sym":"NQH6.CME"}
{"seq":47371,"ts":1765982051596,"p":2541200,"v":1,"s":"BID","sym":"NQH6.CME"}
{"seq":47372,"ts":1765982051596,"p":2541200,"v":1,"s":"BID","sym":"NQH6.CME"}
{"seq":47373,"ts":1765982051615,"p":2541250,"v":1,"s":"ASK","sym":"NQH6.CME"}
{"seq":47374,"ts":1765982051618,"p":2541275,"v":1,"s":"ASK","sym":"NQH6.CME"}
{"seq":47375,"ts":1765982051635,"p":2541300,"v":1,"s":"ASK","sym":"NQH6.CME"}
{"seq":47376,"ts":1765982051709,"p":2541250,"v":1,"s":"ASK","sym":"NQH6.CME"}
{"seq":47377,"ts":1765982051781,"p":2541275,"v":1,"s":"BID","sym":"NQH6.CME"}
{"seq":47378,"ts":1765982051786,"p":2541200,"v":1,"s":"BID","sym":"NQH6.CME"}
{"seq":47379,"ts":1765982051837,"p":2541175,"v":1,"s":"BID","sym":"NQH6.CME"}
{"seq":47380,"ts":1765982051879,"p":2541125,"v":1,"s":"BID","sym":"NQH6.CME"}
{"seq":47381,"ts":1765982051880,"p":2541100,"v":1,"s":"BID","sym":"NQH6.CME"}
{"seq":47382,"ts":1765982052087,"p":2541100,"v":1,"s":"ASK","sym":"NQH6.CME"}
{"seq":47383,"ts":1765982052099,"p":2541050,"v":1,"s":"BID","sym":"NQH6.CME"}
{"seq":47384,"ts":1765982052125,"p":2541125,"v":1,"s":"ASK","sym":"NQH6.CME"}
{"seq":47385,"ts":1765982052267,"p":2541075,"v":1,"s":"ASK","sym":"NQH6.CME"}
{"seq":47386,"ts":1765982052267,"p":2541100,"v":1,"s":"ASK","sym":"NQH6.CME"}
{"seq":47387,"ts":1765982052267,"p":2541100,"v":1,"s":"ASK","sym":"NQH6.CME"}
{"seq":47388,"ts":1765982052272,"p":2541125,"v":1,"s":"ASK","sym":"NQH6.CME"}
{"seq":47389,"ts":1765982052273,"p":2541125,"v":1,"s":"BID","sym":"NQH6.CME"}
{"seq":47390,"ts":1765982052365,"p":2541175,"v":1,"s":"ASK","sym":"NQH6.CME"}
{"seq":47391,"ts":1765982052448,"p":2541175,"v":1,"s":"ASK","sym":"NQH6.CME"}
{"seq":47392,"ts":1765982052489,"p":2541300,"v":1,"s":"ASK","sym":"NQH6.CME"}
{"seq":47393,"ts":1765982052532,"p":2541325,"v":1,"s":"ASK","sym":"NQH6.CME"}
{"seq":47394,"ts":1765982052535,"p":2541300,"v":1,"s":"BID","sym":"NQH6.CME"}
{"seq":47395,"ts":1765982052552,"p":2541325,"v":1,"s":"ASK","sym":"NQH6.CME"}
{"seq":47396,"ts":1765982052562,"p":2541325,"v":1,"s":"ASK","sym":"NQH6.CME"}
{"seq":47397,"ts":1765982052806,"p":2541300,"v":1,"s":"ASK","sym":"NQH6.CME"}
{"seq":47398,"ts":1765982052815,"p":2541225,"v":1,"s":"BID","sym":"NQH6.CME"}
{"seq":47399,"ts":1765982052831,"p":2541325,"v":1,"s":"ASK","sym":"NQH6.CME"}
{"seq":47400,"ts":1765982052890,"p":2541325,"v":1,"s":"ASK","sym":"NQH6.CME"}
{"seq":47401,"ts":1765982052934,"p":2541225,"v":1,"s":"BID","sym":"NQH6.CME"}
{"seq":47402,"ts":1765982052944,"p":2541175,"v":1,"s":"BID","sym":"NQH6.CME"}
{"seq":47403,"ts":1765982052948,"p":2541225,"v":1,"s":"ASK","sym":"NQH6.CME"}
{"seq":47404,"ts":1765982052948,"p":2541225,"v":1,"s":"ASK","sym":"NQH6.CME"}
{"seq":47405,"ts":1765982052985,"p":2541150,"v":1,"s":"BID","sym":"NQH6.CME"}
{"seq":47406,"ts":1765982052985,"p":2541150,"v":1,"s":"BID","sym":"NQH6.CME"}
{"seq":47407,"ts":1765982053013,"p":2541150,"v":1,"s":"BID","sym":"NQH6.CME"}
{"seq":47408,"ts":1765982053013,"p":2541125,"v":1,"s":"BID","sym":"NQH6.CME"}
{"seq":47409,"ts":1765982053013,"p":2541100,"v":1,"s":"BID","sym":"NQH6.CME"}
{"seq":47410,"ts":1765982053013,"p":2541100,"v":1,"s":"BID","sym":"NQH6.CME"}
{"seq":47411,"ts":1765982053172,"p":2541200,"v":1,"s":"ASK","sym":"NQH6.CME"}
{"seq":47412,"ts":1765982053441,"p":2541075,"v":1,"s":"BID","sym":"NQH6.CME"}
{"seq":47413,"ts":1765982053461,"p":2541125,"v":1,"s":"ASK","sym":"NQH6.CME"}
{"seq":47414,"ts":1765982053562,"p":2541075,"v":1,"s":"BID","sym":"NQH6.CME"}
{"seq":47415,"ts":1765982053562,"p":2541050,"v":1,"s":"BID","sym":"NQH6.CME"}
{"seq":47416,"ts":1765982053562,"p":2541050,"v":1,"s":"BID","sym":"NQH6.CME"}
{"seq":47417,"ts":1765982053663,"p":2541025,"v":1,"s":"BID","sym":"NQH6.CME"}
{"seq":47418,"ts":1765982053692,"p":2541100,"v":1,"s":"ASK","sym":"NQH6.CME"}
{"seq":47419,"ts":1765982053819,"p":2540975,"v":1,"s":"BID","sym":"NQH6.CME"}
{"seq":47420,"ts":1765982053819,"p":2540975,"v":1,"s":"BID","sym":"NQH6.CME"}
{"seq":47421,"ts":1765982053842,"p":2540925,"v":1,"s":"BID","sym":"NQH6.CME"}
{"seq":47422,"ts":1765982053875,"p":2541150,"v":1,"s":"ASK","sym":"NQH6.CME"}
{"seq":47423,"ts":1765982053875,"p":2541175,"v":1,"s":"ASK","sym":"NQH6.CME"}
{"seq":47424,"ts":1765982053875,"p":2541175,"v":1,"s":"ASK","sym":"NQH6.CME"}
{"seq":47425,"ts":1765982053877,"p":2541175,"v":1,"s":"BID","sym":"NQH6.CME"}
{"seq":47426,"ts":1765982054057,"p":2541150,"v":1,"s":"BID","sym":"NQH6.CME"}
{"seq":47427,"ts":1765982054116,"p":2541100,"v":1,"s":"BID","sym":"NQH6.CME"}
{"seq":47428,"ts":1765982054116,"p":2541100,"v":1,"s":"BID","sym":"NQH6.CME"}
{"seq":47429,"ts":1765982054116,"p":2541125,"v":1,"s":"ASK","sym":"NQH6.CME"}
{"seq":47430,"ts":1765982054116,"p":2541075,"v":1,"s":"BID","sym":"NQH6.CME"}
{"seq":47431,"ts":1765982054117,"p":2541100,"v":1,"s":"ASK","sym":"NQH6.CME"}
{"seq":47432,"ts":1765982054117,"p":2541100,"v":1,"s":"ASK","sym":"NQH6.CME"}
{"seq":47433,"ts":1765982054119,"p":2541125,"v":5,"s":"ASK","sym":"NQH6.CME"}
{"seq":47434,"ts":1765982054119,"p":2541125,"v":3,"s":"ASK","sym":"NQH6.CME"}
{"seq":47435,"ts":1765982054119,"p":2541125,"v":1,"s":"ASK","sym":"NQH6.CME"}
{"seq":47436,"ts":1765982054135,"p":2541200,"v":1,"s":"ASK","sym":"NQH6.CME"}
{"seq":47437,"ts":1765982054151,"p":2541200,"v":1,"s":"BID","sym":"NQH6.CME"}
{"seq":47438,"ts":1765982054154,"p":2541100,"v":1,"s":"BID","sym":"NQH6.CME"}
{"seq":47439,"ts":1765982054182,"p":2541125,"v":1,"s":"BID","sym":"NQH6.CME"}
{"seq":47440,"ts":1765982054182,"p":2541125,"v":1,"s":"BID","sym":"NQH6.CME"}
{"seq":47441,"ts":1765982054182,"p":2541100,"v":1,"s":"BID","sym":"NQH6.CME"}
{"seq":47442,"ts":1765982054280,"p":2541250,"v":1,"s":"ASK","sym":"NQH6.CME"}
{"seq":47443,"ts":1765982054300,"p":2541250,"v":1,"s":"BID","sym":"NQH6.CME"}
{"seq":47444,"ts":1765982054489,"p":2541225,"v":1,"s":"BID","sym":"NQH6.CME"}
{"seq":47445,"ts":1765982054596,"p":2541175,"v":1,"s":"BID","sym":"NQH6.CME"}
{"seq":47446,"ts":1765982054623,"p":2541225,"v":1,"s":"ASK","sym":"NQH6.CME"}
{"seq":47447,"ts":1765982054643,"p":2541200,"v":1,"s":"BID","sym":"NQH6.CME"}
{"seq":47448,"ts":1765982054801,"p":2541250,"v":1,"s":"ASK","sym":"NQH6.CME"}
{"seq":47449,"ts":1765982054857,"p":2541250,"v":1,"s":"ASK","sym":"NQH6.CME"}
{"seq":47450,"ts":1765982054863,"p":2541275,"v":1,"s":"ASK","sym":"NQH6.CME"}
{"seq":47451,"ts":1765982054864,"p":2541275,"v":1,"s":"ASK","sym":"NQH6.CME"}
{"seq":47452,"ts":1765982054864,"p":2541275,"v":3,"s":"ASK","sym":"NQH6.CME"}
{"seq":47453,"ts":1765982054878,"p":2541375,"v":1,"s":"ASK","sym":"NQH6.CME"}
{"seq":47454,"ts":1765982054878,"p":2541375,"v":1,"s":"ASK","sym":"NQH6.CME"}
{"seq":47455,"ts":1765982054971,"p":2541375,"v":1,"s":"BID","sym":"NQH6.CME"}
{"seq":47456,"ts":1765982055035,"p":2541300,"v":1,"s":"BID","sym":"NQH6.CME"}
{"seq":47457,"ts":1765982055035,"p":2541300,"v":1,"s":"BID","sym":"NQH6.CME"}
{"seq":47458,"ts":1765982055384,"p":2541200,"v":1,"s":"BID","sym":"NQH6.CME"}
{"seq":47459,"ts":1765982055385,"p":2541200,"v":1,"s":"BID","sym":"NQH6.CME"}
{"seq":47460,"ts":1765982055401,"p":2541100,"v":1,"s":"BID","sym":"NQH6.CME"}
{"seq":47461,"ts":1765982055411,"p":2541075,"v":1,"s":"BID","sym":"NQH6.CME"}
{"seq":47462,"ts":1765982055411,"p":2541075,"v":1,"s":"BID","sym":"NQH6.CME"}
{"seq":47463,"ts":1765982055489,"p":2541025,"v":1,"s":"BID","sym":"NQH6.CME"}
{"seq":47464,"ts":1765982055489,"p":2541025,"v":1,"s":"BID","sym":"NQH6.CME"}
{"seq":47465,"ts":1765982055489,"p":2541000,"v":1,"s":"BID","sym":"NQH6.CME"}
{"seq":47466,"ts":1765982055489,"p":2541000,"v":1,"s":"BID","sym":"NQH6.CME"}
{"seq":47467,"ts":1765982055490,"p":2541025,"v":1,"s":"ASK","sym":"NQH6.CME"}
{"seq":47468,"ts":1765982055490,"p":2541025,"v":1,"s":"ASK","sym":"NQH6.CME"}
{"seq":47469,"ts":1765982055564,"p":2541125,"v":1,"s":"ASK","sym":"NQH6.CME"}
{"seq":47470,"ts":1765982055804,"p":2541050,"v":1,"s":"ASK","sym":"NQH6.CME"}
{"seq":47471,"ts":1765982055805,"p":2541050,"v":1,"s":"ASK","sym":"NQH6.CME"}
{"seq":47472,"ts":1765982055817,"p":2540975,"v":1,"s":"BID","sym":"NQH6.CME"}
{"seq":47473,"ts":1765982055817,"p":2540950,"v":1,"s":"BID","sym":"NQH6.CME"}
{"seq":47474,"ts":1765982055818,"p":2540950,"v":1,"s":"BID","sym":"NQH6.CME"}
{"seq":47475,"ts":1765982055867,"p":2540875,"v":1,"s":"BID","sym":"NQH6.CME"}
{"seq":47476,"ts":1765982055867,"p":2540875,"v":1,"s":"BID","sym":"NQH6.CME"}
{"seq":47477,"ts":1765982055891,"p":2540975,"v":1,"s":"BID","sym":"NQH6.CME"}
{"seq":47478,"ts":1765982056001,"p":2541025,"v":1,"s":"BID","sym":"NQH6.CME"}
{"seq":47479,"ts":1765982056038,"p":2541025,"v":1,"s":"BID","sym":"NQH6.CME"}
{"seq":47480,"ts":1765982056148,"p":2541025,"v":1,"s":"ASK","sym":"NQH6.CME"}
{"seq":47481,"ts":1765982056329,"p":2541100,"v":1,"s":"BID","sym":"NQH6.CME"}
{"seq":47482,"ts":1765982056329,"p":2541150,"v":1,"s":"ASK","sym":"NQH6.CME"}
{"seq":47483,"ts":1765982056329,"p":2541075,"v":1,"s":"BID","sym":"NQH6.CME"}
{"seq":47484,"ts":1765982056329,"p":2541075,"v":1,"s":"BID","sym":"NQH6.CME"}
{"seq":47485,"ts":1765982056463,"p":2541175,"v":1,"s":"ASK","sym":"NQH6.CME"}
{"seq":47486,"ts":1765982056463,"p":2541175,"v":1,"s":"ASK","sym":"NQH6.CME"}
{"seq":47487,"ts":1765982056463,"p":2541200,"v":1,"s":"ASK","sym":"NQH6.CME"}
{"seq":47488,"ts":1765982056877,"p":2540975,"v":1,"s":"BID","sym":"NQH6.CME"}
{"seq":47489,"ts":1765982057240,"p":2541000,"v":1,"s":"BID","sym":"NQH6.CME"}
{"seq":47490,"ts":1765982057259,"p":2541000,"v":1,"s":"BID","sym":"NQH6.CME"}
{"seq":47491,"ts":1765982057355,"p":2540925,"v":1,"s":"BID","sym":"NQH6.CME"}
{"seq":47492,"ts":1765982057355,"p":2540900,"v":1,"s":"BID","sym":"NQH6.CME"}
{"seq":47493,"ts":1765982057355,"p":2540900,"v":1,"s":"BID","sym":"NQH6.CME"}
{"seq":47494,"ts":1765982057355,"p":2540900,"v":1,"s":"BID","sym":"NQH6.CME"}
{"seq":47495,"ts":1765982057355,"p":2540900,"v":1,"s":"BID","sym":"NQH6.CME"}
{"seq":47496,"ts":1765982057355,"p":2540900,"v":1,"s":"BID","sym":"NQH6.CME"}
{"seq":47497,"ts":1765982057355,"p":2540900,"v":1,"s":"BID","sym":"NQH6.CME"}
{"seq":47498,"ts":1765982057358,"p":2540875,"v":1,"s":"BID","sym":"NQH6.CME"}
{"seq":47499,"ts":1765982057359,"p":2540900,"v":1,"s":"ASK","sym":"NQH6.CME"}
{"seq":47500,"ts":1765982057384,"p":2540850,"v":1,"s":"BID","sym":"NQH6.CME"}
{"seq":47501,"ts":1765982057384,"p":2540825,"v":1,"s":"BID","sym":"NQH6.CME"}
{"seq":47502,"ts":1765982057384,"p":2540825,"v":1,"s":"BID","sym":"NQH6.CME"}
{"seq":47503,"ts":1765982057384,"p":2540900,"v":1,"s":"ASK","sym":"NQH6.CME"}
{"seq":47504,"ts":1765982057384,"p":2540900,"v":1,"s":"ASK","sym":"NQH6.CME"}
{"seq":47505,"ts":1765982057384,"p":2540875,"v":1,"s":"ASK","sym":"NQH6.CME"}
{"seq":47506,"ts":1765982057384,"p":2540900,"v":1,"s":"ASK","sym":"NQH6.CME"}
{"seq":47507,"ts":1765982057385,"p":2540925,"v":1,"s":"ASK","sym":"NQH6.CME"}
{"seq":47508,"ts":1765982057450,"p":2540925,"v":1,"s":"ASK","sym":"NQH6.CME"}
{"seq":47509,"ts":1765982057472,"p":2540825,"v":1,"s":"BID","sym":"NQH6.CME"}
{"seq":47510,"ts":1765982057576,"p":2540825,"v":1,"s":"BID","sym":"NQH6.CME"}
{"seq":47511,"ts":1765982057591,"p":2540900,"v":1,"s":"ASK","sym":"NQH6.CME"}
{"seq":47512,"ts":1765982057591,"p":2540925,"v":1,"s":"ASK","sym":"NQH6.CME"}
{"seq":47513,"ts":1765982057619,"p":2540925,"v":1,"s":"ASK","sym":"NQH6.CME"}
{"seq":47514,"ts":1765982057625,"p":2540925,"v":1,"s":"ASK","sym":"NQH6.CME"}
{"seq":47515,"ts":1765982057625,"p":2540925,"v":1,"s":"ASK","sym":"NQH6.CME"}
{"seq":47516,"ts":1765982057830,"p":2540800,"v":1,"s":"BID","sym":"NQH6.CME"}
{"seq":47517,"ts":1765982057830,"p":2540775,"v":1,"s":"BID","sym":"NQH6.CME"}
{"seq":47518,"ts":1765982057838,"p":2540825,"v":1,"s":"ASK","sym":"NQH6.CME"}
{"seq":47519,"ts":1765982057844,"p":2540800,"v":1,"s":"BID","sym":"NQH6.CME"}
{"seq":47520,"ts":1765982057844,"p":2540800,"v":1,"s":"BID","sym":"NQH6.CME"}
{"seq":47521,"ts":1765982057848,"p":2540800,"v":1,"s":"ASK","sym":"NQH6.CME"}
{"seq":47522,"ts":1765982057878,"p":2540800,"v":1,"s":"BID","sym":"NQH6.CME"}
{"seq":47523,"ts":1765982057878,"p":2540775,"v":1,"s":"BID","sym":"NQH6.CME"}
{"seq":47524,"ts":1765982057891,"p":2540925,"v":1,"s":"ASK","sym":"NQH6.CME"}
{"seq":47525,"ts":1765982057943,"p":2540925,"v":1,"s":"ASK","sym":"NQH6.CME"}
{"seq":47526,"ts":1765982057943,"p":2540925,"v":1,"s":"ASK","sym":"NQH6.CME"}
{"seq":47527,"ts":1765982057943,"p":2540950,"v":1,"s":"ASK","sym":"NQH6.CME"}
{"seq":47528,"ts":1765982057943,"p":2540950,"v":1,"s":"ASK","sym":"NQH6.CME"}
{"seq":47529,"ts":1765982057943,"p":2540950,"v":1,"s":"ASK","sym":"NQH6.CME"}
{"seq":47530,"ts":1765982058029,"p":2541100,"v":1,"s":"ASK","sym":"NQH6.CME"}
{"seq":47531,"ts":1765982058030,"p":2541075,"v":1,"s":"ASK","sym":"NQH6.CME"}
{"seq":47532,"ts":1765982058126,"p":2541175,"v":1,"s":"ASK","sym":"NQH6.CME"}
{"seq":47533,"ts":1765982058154,"p":2541250,"v":1,"s":"BID","sym":"NQH6.CME"}
{"seq":47534,"ts":1765982058181,"p":2541175,"v":1,"s":"BID","sym":"NQH6.CME"}
{"seq":47535,"ts":1765982058189,"p":2541175,"v":1,"s":"BID","sym":"NQH6.CME"}
{"seq":47536,"ts":1765982058189,"p":2541175,"v":1,"s":"BID","sym":"NQH6.CME"}
{"seq":47537,"ts":1765982058250,"p":2541000,"v":1,"s":"ASK","sym":"NQH6.CME"}
{"seq":47538,"ts":1765982058318,"p":2541025,"v":1,"s":"ASK","sym":"NQH6.CME"}
{"seq":47539,"ts":1765982058354,"p":2541050,"v":1,"s":"BID","sym":"NQH6.CME"}
{"seq":47540,"ts":1765982058354,"p":2541050,"v":1,"s":"BID","sym":"NQH6.CME"}
{"seq":47541,"ts":1765982058354,"p":2541050,"v":1,"s":"BID","sym":"NQH6.CME"}
{"seq":47542,"ts":1765982058408,"p":2540925,"v":1,"s":"BID","sym":"NQH6.CME"}
{"seq":47543,"ts":1765982058412,"p":2540950,"v":1,"s":"ASK","sym":"NQH6.CME"}
{"seq":47544,"ts":1765982058422,"p":2540925,"v":1,"s":"BID","sym":"NQH6.CME"}
{"seq":47545,"ts":1765982058479,"p":2540825,"v":1,"s":"BID","sym":"NQH6.CME"}
{"seq":47546,"ts":1765982058507,"p":2540850,"v":1,"s":"ASK","sym":"NQH6.CME"}
{"seq":47547,"ts":1765982058608,"p":2540900,"v":1,"s":"ASK","sym":"NQH6.CME"}
{"seq":47548,"ts":1765982058753,"p":2540925,"v":1,"s":"BID","sym":"NQH6.CME"}
{"seq":47549,"ts":1765982058755,"p":2540950,"v":1,"s":"ASK","sym":"NQH6.CME"}
{"seq":47550,"ts":1765982058836,"p":2541050,"v":1,"s":"ASK","sym":"NQH6.CME"}
{"seq":47551,"ts":1765982058837,"p":2541050,"v":1,"s":"ASK","sym":"NQH6.CME"}
{"seq":47552,"ts":1765982058839,"p":2541075,"v":1,"s":"BID","sym":"NQH6.CME"}
{"seq":47553,"ts":1765982058935,"p":2541075,"v":1,"s":"ASK","sym":"NQH6.CME"}
{"seq":47554,"ts":1765982059022,"p":2541100,"v":1,"s":"BID","sym":"NQH6.CME"}
{"seq":47555,"ts":1765982059078,"p":2541050,"v":1,"s":"ASK","sym":"NQH6.CME"}
{"seq":47556,"ts":1765982059142,"p":2541100,"v":1,"s":"ASK","sym":"NQH6.CME"}
{"seq":47557,"ts":1765982059238,"p":2541125,"v":1,"s":"ASK","sym":"NQH6.CME"}
{"seq":47558,"ts":1765982059264,"p":2541050,"v":1,"s":"BID","sym":"NQH6.CME"}
{"seq":47559,"ts":1765982059264,"p":2541025,"v":1,"s":"BID","sym":"NQH6.CME"}
{"seq":47560,"ts":1765982059398,"p":2540950,"v":1,"s":"BID","sym":"NQH6.CME"}
{"seq":47561,"ts":1765982059401,"p":2540900,"v":1,"s":"BID","sym":"NQH6.CME"}
{"seq":47562,"ts":1765982059407,"p":2540925,"v":1,"s":"ASK","sym":"NQH6.CME"}
{"seq":47563,"ts":1765982059415,"p":2540950,"v":1,"s":"ASK","sym":"NQH6.CME"}
{"seq":47564,"ts":1765982059489,"p":2541000,"v":1,"s":"ASK","sym":"NQH6.CME"}
{"seq":47565,"ts":1765982059497,"p":2540975,"v":1,"s":"BID","sym":"NQH6.CME"}
{"seq":47566,"ts":1765982059506,"p":2540975,"v":1,"s":"ASK","sym":"NQH6.CME"}
{"seq":47567,"ts":1765982059506,"p":2540975,"v":1,"s":"ASK","sym":"NQH6.CME"}
{"seq":47568,"ts":1765982059507,"p":2541000,"v":1,"s":"ASK","sym":"NQH6.CME"}
{"seq":47569,"ts":1765982059509,"p":2541025,"v":1,"s":"ASK","sym":"NQH6.CME"}
{"seq":47570,"ts":1765982059564,"p":2541150,"v":1,"s":"ASK","sym":"NQH6.CME"}
{"seq":47571,"ts":1765982059680,"p":2541200,"v":1,"s":"ASK","sym":"NQH6.CME"}
{"seq":47572,"ts":1765982059680,"p":2541200,"v":1,"s":"ASK","sym":"NQH6.CME"}
{"seq":47573,"ts":1765982059680,"p":2541200,"v":1,"s":"ASK","sym":"NQH6.CME"}
{"seq":47574,"ts":1765982059712,"p":2541100,"v":1,"s":"BID","sym":"NQH6.CME"}
{"seq":47575,"ts":1765982059712,"p":2541100,"v":1,"s":"BID","sym":"NQH6.CME"}
{"seq":47576,"ts":1765982059712,"p":2541075,"v":1,"s":"BID","sym":"NQH6.CME"}
{"seq":47577,"ts":1765982059712,"p":2541050,"v":1,"s":"BID","sym":"NQH6.CME"}
{"seq":47578,"ts":1765982059712,"p":2541050,"v":1,"s":"BID","sym":"NQH6.CME"}
{"seq":47579,"ts":1765982059712,"p":2541050,"v":1,"s":"BID","sym":"NQH6.CME"}
{"seq":47580,"ts":1765982059712,"p":2541025,"v":1,"s":"BID","sym":"NQH6.CME"}
{"seq":47581,"ts":1765982059712,"p":2541025,"v":1,"s":"BID","sym":"NQH6.CME"}
{"seq":47582,"ts":1765982059712,"p":2541025,"v":1,"s":"BID","sym":"NQH6.CME"}
{"seq":47583,"ts":1765982059712,"p":2541000,"v":1,"s":"BID","sym":"NQH6.CME"}
{"seq":47584,"ts":1765982059712,"p":2541000,"v":1,"s":"BID","sym":"NQH6.CME"}
{"seq":47585,"ts":1765982059712,"p":2541000,"v":1,"s":"BID","sym":"NQH6.CME"}
{"seq":47586,"ts":1765982059712,"p":2541000,"v":1,"s":"BID","sym":"NQH6.CME"}
{"seq":47587,"ts":1765982059712,"p":2541000,"v":1,"s":"BID","sym":"NQH6.CME"}
{"seq":47588,"ts":1765982059712,"p":2540975,"v":1,"s":"BID","sym":"NQH6.CME"}
{"seq":47589,"ts":1765982059712,"p":2540975,"v":1,"s":"BID","sym":"NQH6.CME"}
{"seq":47590,"ts":1765982059712,"p":2540975,"v":1,"s":"BID","sym":"NQH6.CME"}
{"seq":47591,"ts":1765982059712,"p":2540950,"v":1,"s":"BID","sym":"NQH6.CME"}
{"seq":47592,"ts":1765982059712,"p":2540950,"v":1,"s":"BID","sym":"NQH6.CME"}
{"seq":47593,"ts":1765982059712,"p":2540950,"v":1,"s":"BID","sym":"NQH6.CME"}
{"seq":47594,"ts":1765982059751,"p":2540850,"v":1,"s":"BID","sym":"NQH6.CME"}
{"seq":47595,"ts":1765982059963,"p":2541050,"v":1,"s":"ASK","sym":"NQH6.CME"}
{"seq":47596,"ts":1765982059999,"p":2541125,"v":1,"s":"ASK","sym":"NQH6.CME"}
{"seq":47597,"ts":1765982060050,"p":2541175,"v":1,"s":"ASK","sym":"NQH6.CME"}
{"seq":47598,"ts":1765982060243,"p":2541175,"v":1,"s":"ASK","sym":"NQH6.CME"}
{"seq":47599,"ts":1765982060243,"p":2541200,"v":1,"s":"ASK","sym":"NQH6.CME"}
{"seq":47600,"ts":1765982060334,"p":2541150,"v":1,"s":"ASK","sym":"NQH6.CME"}
{"seq":47601,"ts":1765982060334,"p":2541175,"v":1,"s":"ASK","sym":"NQH6.CME"}
{"seq":47602,"ts":1765982060334,"p":2541175,"v":1,"s":"ASK","sym":"NQH6.CME"}
{"seq":47603,"ts":1765982060334,"p":2541175,"v":1,"s":"ASK","sym":"NQH6.CME"}
{"seq":47604,"ts":1765982060334,"p":2541200,"v":1,"s":"ASK","sym":"NQH6.CME"}
{"seq":47605,"ts":1765982060334,"p":2541200,"v":1,"s":"ASK","sym":"NQH6.CME"}
{"seq":47606,"ts":1765982060334,"p":2541200,"v":1,"s":"ASK","sym":"NQH6.CME"}
{"seq":47607,"ts":1765982060334,"p":2541225,"v":1,"s":"ASK","sym":"NQH6.CME"}
{"seq":47608,"ts":1765982060337,"p":2541175,"v":1,"s":"ASK","sym":"NQH6.CME"}
{"seq":47609,"ts":1765982060337,"p":2541175,"v":1,"s":"ASK","sym":"NQH6.CME"}
{"seq":47610,"ts":1765982060337,"p":2541200,"v":1,"s":"ASK","sym":"NQH6.CME"}
{"seq":47611,"ts":1765982060337,"p":2541200,"v":1,"s":"ASK","sym":"NQH6.CME"}
{"seq":47612,"ts":1765982060337,"p":2541200,"v":1,"s":"ASK","sym":"NQH6.CME"}
{"seq":47613,"ts":1765982060337,"p":2541200,"v":1,"s":"ASK","sym":"NQH6.CME"}
{"seq":47614,"ts":1765982060337,"p":2541200,"v":1,"s":"ASK","sym":"NQH6.CME"}
{"seq":47615,"ts":1765982060337,"p":2541225,"v":1,"s":"ASK","sym":"NQH6.CME"}
{"seq":47616,"ts":1765982060339,"p":2541250,"v":1,"s":"ASK","sym":"NQH6.CME"}
{"seq":47617,"ts":1765982060339,"p":2541250,"v":1,"s":"ASK","sym":"NQH6.CME"}
{"seq":47618,"ts":1765982060339,"p":2541250,"v":1,"s":"ASK","sym":"NQH6.CME"}
{"seq":47619,"ts":1765982060339,"p":2541250,"v":1,"s":"ASK","sym":"NQH6.CME"}
{"seq":47620,"ts":1765982060339,"p":2541275,"v":1,"s":"ASK","sym":"NQH6.CME"}
{"seq":47621,"ts":1765982060339,"p":2541275,"v":1,"s":"ASK","sym":"NQH6.CME"}
{"seq":47622,"ts":1765982060339,"p":2541275,"v":1,"s":"ASK","sym":"NQH6.CME"}
{"seq":47623,"ts":1765982060339,"p":2541300,"v":1,"s":"ASK","sym":"NQH6.CME"}
{"seq":47624,"ts":1765982060341,"p":2541300,"v":1,"s":"ASK","sym":"NQH6.CME"}
{"seq":47625,"ts":1765982060341,"p":2541325,"v":1,"s":"ASK","sym":"NQH6.CME"}
{"seq":47626,"ts":1765982060341,"p":2541325,"v":1,"s":"ASK","sym":"NQH6.CME"}
{"seq":47627,"ts":1765982060341,"p":2541325,"v":1,"s":"ASK","sym":"NQH6.CME"}
{"seq":47628,"ts":1765982060341,"p":2541350,"v":1,"s":"ASK","sym":"NQH6.CME"}
{"seq":47629,"ts":1765982060341,"p":2541350,"v":1,"s":"ASK","sym":"NQH6.CME"}
{"seq":47630,"ts":1765982060341,"p":2541350,"v":1,"s":"ASK","sym":"NQH6.CME"}
{"seq":47631,"ts":1765982060341,"p":2541350,"v":1,"s":"ASK","sym":"NQH6.CME"}
{"seq":47632,"ts":1765982060344,"p":2541350,"v":1,"s":"ASK","sym":"NQH6.CME"}
{"seq":47633,"ts":1765982060344,"p":2541375,"v":1,"s":"ASK","sym":"NQH6.CME"}
{"seq":47634,"ts":1765982060344,"p":2541375,"v":1,"s":"ASK","sym":"NQH6.CME"}
{"seq":47635,"ts":1765982060344,"p":2541375,"v":1,"s":"ASK","sym":"NQH6.CME"}
{"seq":47636,"ts":1765982060344,"p":2541400,"v":1,"s":"ASK","sym":"NQH6.CME"}
{"seq":47637,"ts":1765982060344,"p":2541400,"v":1,"s":"ASK","sym":"NQH6.CME"}
{"seq":47638,"ts":1765982060344,"p":2541400,"v":1,"s":"ASK","sym":"NQH6.CME"}
{"seq":47639,"ts":1765982060344,"p":2541400,"v":1,"s":"ASK","sym":"NQH6.CME"}
{"seq":47640,"ts":1765982060344,"p":2541400,"v":1,"s":"ASK","sym":"NQH6.CME"}
{"seq":47641,"ts":1765982060345,"p":2541350,"v":1,"s":"ASK","sym":"NQH6.CME"}
{"seq":47642,"ts":1765982060348,"p":2541325,"v":1,"s":"BID","sym":"NQH6.CME"}
{"seq":47643,"ts":1765982060348,"p":2541325,"v":1,"s":"BID","sym":"NQH6.CME"}
{"seq":47644,"ts":1765982060348,"p":2541325,"v":1,"s":"BID","sym":"NQH6.CME"}
{"seq":47645,"ts":1765982060348,"p":2541300,"v":1,"s":"BID","sym":"NQH6.CME"}
{"seq":47646,"ts":1765982060348,"p":2541300,"v":1,"s":"BID","sym":"NQH6.CME"}
{"seq":47647,"ts":1765982060349,"p":2541350,"v":1,"s":"BID","sym":"NQH6.CME"}
{"seq":47648,"ts":1765982060349,"p":2541325,"v":1,"s":"BID","sym":"NQH6.CME"}
{"seq":47649,"ts":1765982060349,"p":2541300,"v":1,"s":"BID","sym":"NQH6.CME"}
{"seq":47650,"ts":1765982060349,"p":2541300,"v":1,"s":"BID","sym":"NQH6.CME"}
{"seq":47651,"ts":1765982060349,"p":2541275,"v":1,"s":"BID","sym":"NQH6.CME"}
{"seq":47652,"ts":1765982060349,"p":2541275,"v":1,"s":"BID","sym":"NQH6.CME"}
{"seq":47653,"ts":1765982060349,"p":2541275,"v":1,"s":"BID","sym":"NQH6.CME"}
{"seq":47654,"ts":1765982060401,"p":2541275,"v":1,"s":"BID","sym":"NQH6.CME"}
{"seq":47655,"ts":1765982060418,"p":2541200,"v":1,"s":"BID","sym":"NQH6.CME"}
{"seq":47656,"ts":1765982060418,"p":2541200,"v":1,"s":"BID","sym":"NQH6.CME"}
{"seq":47657,"ts":1765982060418,"p":2541200,"v":1,"s":"BID","sym":"NQH6.CME"}
{"seq":47658,"ts":1765982060418,"p":2541175,"v":1,"s":"BID","sym":"NQH6.CME"}
{"seq":47659,"ts":1765982060421,"p":2541125,"v":1,"s":"BID","sym":"NQH6.CME"}
{"seq":47660,"ts":1765982060431,"p":2541125,"v":1,"s":"BID","sym":"NQH6.CME"}
{"seq":47661,"ts":1765982060462,"p":2541225,"v":1,"s":"ASK","sym":"NQH6.CME"}
{"seq":47662,"ts":1765982060523,"p":2541175,"v":1,"s":"BID","sym":"NQH6.CME"}
{"seq":47663,"ts":1765982060754,"p":2541150,"v":1,"s":"BID","sym":"NQH6.CME"}
{"seq":47664,"ts":1765982060755,"p":2541200,"v":1,"s":"ASK","sym":"NQH6.CME"}
{"seq":47665,"ts":1765982060814,"p":2541300,"v":1,"s":"ASK","sym":"NQH6.CME"}
{"seq":47666,"ts":1765982060919,"p":2541350,"v":1,"s":"ASK","sym":"NQH6.CME"}
{"seq":47667,"ts":1765982060919,"p":2541350,"v":1,"s":"ASK","sym":"NQH6.CME"}
{"seq":47668,"ts":1765982061012,"p":2541200,"v":1,"s":"BID","sym":"NQH6.CME"}
{"seq":47669,"ts":1765982061021,"p":2541225,"v":1,"s":"ASK","sym":"NQH6.CME"}
{"seq":47670,"ts":1765982061021,"p":2541225,"v":1,"s":"ASK","sym":"NQH6.CME"}
{"seq":47671,"ts":1765982061021,"p":2541250,"v":1,"s":"ASK","sym":"NQH6.CME"}
{"seq":47672,"ts":1765982061058,"p":2541300,"v":1,"s":"ASK","sym":"NQH6.CME"}
{"seq":47673,"ts":1765982061058,"p":2541325,"v":1,"s":"ASK","sym":"NQH6.CME"}
{"seq":47674,"ts":1765982061058,"p":2541325,"v":1,"s":"ASK","sym":"NQH6.CME"}
{"seq":47675,"ts":1765982061078,"p":2541300,"v":1,"s":"ASK","sym":"NQH6.CME"}
{"seq":47676,"ts":1765982061265,"p":2541075,"v":1,"s":"BID","sym":"NQH6.CME"}
{"seq":47677,"ts":1765982061357,"p":2541200,"v":1,"s":"BID","sym":"NQH6.CME"}
{"seq":47678,"ts":1765982061589,"p":2541125,"v":1,"s":"BID","sym":"NQH6.CME"}
{"seq":47679,"ts":1765982061589,"p":2541125,"v":1,"s":"BID","sym":"NQH6.CME"}
{"seq":47680,"ts":1765982061589,"p":2541100,"v":1,"s":"BID","sym":"NQH6.CME"}
{"seq":47681,"ts":1765982061589,"p":2541100,"v":1,"s":"BID","sym":"NQH6.CME"}
{"seq":47682,"ts":1765982061589,"p":2541075,"v":1,"s":"BID","sym":"NQH6.CME"}
{"seq":47683,"ts":1765982061589,"p":2541075,"v":1,"s":"BID","sym":"NQH6.CME"}
{"seq":47684,"ts":1765982061589,"p":2541075,"v":1,"s":"BID","sym":"NQH6.CME"}
{"seq":47685,"ts":1765982061589,"p":2541050,"v":1,"s":"BID","sym":"NQH6.CME"}
{"seq":47686,"ts":1765982061589,"p":2541050,"v":1,"s":"BID","sym":"NQH6.CME"}
{"seq":47687,"ts":1765982061589,"p":2541050,"v":1,"s":"BID","sym":"NQH6.CME"}
{"seq":47688,"ts":1765982061589,"p":2541050,"v":1,"s":"BID","sym":"NQH6.CME"}
{"seq":47689,"ts":1765982061589,"p":2541050,"v":1,"s":"BID","sym":"NQH6.CME"}
{"seq":47690,"ts":1765982061589,"p":2541050,"v":1,"s":"BID","sym":"NQH6.CME"}
{"seq":47691,"ts":1765982061589,"p":2541050,"v":1,"s":"BID","sym":"NQH6.CME"}
{"seq":47692,"ts":1765982061589,"p":2541025,"v":1,"s":"BID","sym":"NQH6.CME"}
{"seq":47693,"ts":1765982061589,"p":2541025,"v":1,"s":"BID","sym":"NQH6.CME"}
{"seq":47694,"ts":1765982061589,"p":2541025,"v":1,"s":"BID","sym":"NQH6.CME"}
{"seq":47695,"ts":1765982061589,"p":2541025,"v":1,"s":"BID","sym":"NQH6.CME"}
{"seq":47696,"ts":1765982061589,"p":2541025,"v":1,"s":"BID","sym":"NQH6.CME"}
{"seq":47697,"ts":1765982061589,"p":2541000,"v":1,"s":"BID","sym":"NQH6.CME"}
{"seq":47698,"ts":1765982061596,"p":2541050,"v":1,"s":"BID","sym":"NQH6.CME"}
{"seq":47699,"ts":1765982061598,"p":2541050,"v":1,"s":"ASK","sym":"NQH6.CME"}
{"seq":47700,"ts":1765982061598,"p":2541050,"v":1,"s":"ASK","sym":"NQH6.CME"}
{"seq":47701,"ts":1765982061599,"p":2541075,"v":1,"s":"ASK","sym":"NQH6.CME"}
{"seq":47702,"ts":1765982061610,"p":2541125,"v":1,"s":"BID","sym":"NQH6.CME"}
{"seq":47703,"ts":1765982061636,"p":2541100,"v":1,"s":"BID","sym":"NQH6.CME"}
{"seq":47704,"ts":1765982061636,"p":2541100,"v":1,"s":"BID","sym":"NQH6.CME"}
{"seq":47705,"ts":1765982061658,"p":2541175,"v":1,"s":"ASK","sym":"NQH6.CME"}
{"seq":47706,"ts":1765982061747,"p":2541100,"v":1,"s":"ASK","sym":"NQH6.CME"}
{"seq":47707,"ts":1765982061747,"p":2541100,"v":1,"s":"ASK","sym":"NQH6.CME"}
{"seq":47708,"ts":1765982061871,"p":2540950,"v":1,"s":"BID","sym":"NQH6.CME"}
{"seq":47709,"ts":1765982061871,"p":2540950,"v":1,"s":"BID","sym":"NQH6.CME"}
{"seq":47710,"ts":1765982061923,"p":2540850,"v":1,"s":"BID","sym":"NQH6.CME"}
{"seq":47711,"ts":1765982061941,"p":2540700,"v":1,"s":"BID","sym":"NQH6.CME"}
{"seq":47712,"ts":1765982061941,"p":2540675,"v":1,"s":"BID","sym":"NQH6.CME"}
{"seq":47713,"ts":1765982061941,"p":2540675,"v":1,"s":"BID","sym":"NQH6.CME"}
{"seq":47714,"ts":1765982061944,"p":2540675,"v":1,"s":"BID","sym":"NQH6.CME"}
{"seq":47715,"ts":1765982061944,"p":2540725,"v":1,"s":"ASK","sym":"NQH6.CME"}
{"seq":47716,"ts":1765982061944,"p":2540725,"v":1,"s":"ASK","sym":"NQH6.CME"}
{"seq":47717,"ts":1765982061954,"p":2540775,"v":1,"s":"ASK","sym":"NQH6.CME"}
{"seq":47718,"ts":1765982061961,"p":2540825,"v":1,"s":"BID","sym":"NQH6.CME"}
{"seq":47719,"ts":1765982061961,"p":2540850,"v":1,"s":"ASK","sym":"NQH6.CME"}
{"seq":47720,"ts":1765982062013,"p":2540725,"v":1,"s":"BID","sym":"NQH6.CME"}
{"seq":47721,"ts":1765982062084,"p":2540800,"v":1,"s":"BID","sym":"NQH6.CME"}
{"seq":47722,"ts":1765982062267,"p":2540725,"v":1,"s":"BID","sym":"NQH6.CME"}
{"seq":47723,"ts":1765982062267,"p":2540700,"v":1,"s":"BID","sym":"NQH6.CME"}
{"seq":47724,"ts":1765982062323,"p":2540650,"v":1,"s":"BID","sym":"NQH6.CME"}
{"seq":47725,"ts":1765982062323,"p":2540650,"v":1,"s":"BID","sym":"NQH6.CME"}
{"seq":47726,"ts":1765982062323,"p":2540625,"v":1,"s":"BID","sym":"NQH6.CME"}
{"seq":47727,"ts":1765982062323,"p":2540675,"v":1,"s":"BID","sym":"NQH6.CME"}
{"seq":47728,"ts":1765982062324,"p":2540700,"v":1,"s":"ASK","sym":"NQH6.CME"}
{"seq":47729,"ts":1765982062325,"p":2540700,"v":1,"s":"ASK","sym":"NQH6.CME"}
{"seq":47730,"ts":1765982062326,"p":2540675,"v":1,"s":"ASK","sym":"NQH6.CME"}
{"seq":47731,"ts":1765982062535,"p":2540775,"v":1,"s":"BID","sym":"NQH6.CME"}
{"seq":47732,"ts":1765982062535,"p":2540750,"v":1,"s":"BID","sym":"NQH6.CME"}
{"seq":47733,"ts":1765982062535,"p":2540750,"v":1,"s":"BID","sym":"NQH6.CME"}
{"seq":47734,"ts":1765982062536,"p":2540775,"v":1,"s":"BID","sym":"NQH6.CME"}
{"seq":47735,"ts":1765982062643,"p":2540875,"v":1,"s":"BID","sym":"NQH6.CME"}
{"seq":47736,"ts":1765982062730,"p":2540900,"v":1,"s":"ASK","sym":"NQH6.CME"}
{"seq":47737,"ts":1765982062734,"p":2540975,"v":1,"s":"ASK","sym":"NQH6.CME"}
{"seq":47738,"ts":1765982062742,"p":2540975,"v":1,"s":"ASK","sym":"NQH6.CME"}
{"seq":47739,"ts":1765982062766,"p":2541050,"v":1,"s":"BID","sym":"NQH6.CME"}
{"seq":47740,"ts":1765982062807,"p":2541000,"v":1,"s":"BID","sym":"NQH6.CME"}
{"seq":47741,"ts":1765982062813,"p":2540975,"v":1,"s":"BID","sym":"NQH6.CME"}
{"seq":47742,"ts":1765982062946,"p":2541100,"v":1,"s":"BID","sym":"NQH6.CME"}
{"seq":47743,"ts":1765982062947,"p":2541075,"v":1,"s":"BID","sym":"NQH6.CME"}
{"seq":47744,"ts":1765982062947,"p":2541125,"v":1,"s":"ASK","sym":"NQH6.CME"}
{"seq":47745,"ts":1765982063024,"p":2541100,"v":1,"s":"BID","sym":"NQH6.CME"}
{"seq":47746,"ts":1765982063076,"p":2541075,"v":1,"s":"BID","sym":"NQH6.CME"}
{"seq":47747,"ts":1765982063086,"p":2541100,"v":1,"s":"BID","sym":"NQH6.CME"}
{"seq":47748,"ts":1765982063134,"p":2541150,"v":1,"s":"ASK","sym":"NQH6.CME"}
{"seq":47749,"ts":1765982063213,"p":2541125,"v":1,"s":"ASK","sym":"NQH6.CME"}
{"seq":47750,"ts":1765982063239,"p":2541100,"v":1,"s":"BID","sym":"NQH6.CME"}
{"seq":47751,"ts":1765982063320,"p":2540950,"v":1,"s":"BID","sym":"NQH6.CME"}
{"seq":47752,"ts":1765982063324,"p":2541075,"v":1,"s":"ASK","sym":"NQH6.CME"}
{"seq":47753,"ts":1765982063364,"p":2541125,"v":1,"s":"ASK","sym":"NQH6.CME"}
{"seq":47754,"ts":1765982063374,"p":2541150,"v":1,"s":"ASK","sym":"NQH6.CME"}
{"seq":47755,"ts":1765982063380,"p":2541125,"v":1,"s":"BID","sym":"NQH6.CME"}
{"seq":47756,"ts":1765982063398,"p":2541100,"v":1,"s":"ASK","sym":"NQH6.CME"}
{"seq":47757,"ts":1765982063399,"p":2541125,"v":1,"s":"ASK","sym":"NQH6.CME"}
{"seq":47758,"ts":1765982063504,"p":2541025,"v":1,"s":"ASK","sym":"NQH6.CME"}
{"seq":47759,"ts":1765982063509,"p":2541075,"v":1,"s":"ASK","sym":"NQH6.CME"}
{"seq":47760,"ts":1765982063530,"p":2541125,"v":1,"s":"ASK","sym":"NQH6.CME"}
{"seq":47761,"ts":1765982063571,"p":2541100,"v":1,"s":"ASK","sym":"NQH6.CME"}
{"seq":47762,"ts":1765982063734,"p":2541025,"v":1,"s":"ASK","sym":"NQH6.CME"}
{"seq":47763,"ts":1765982063734,"p":2541050,"v":1,"s":"ASK","sym":"NQH6.CME"}
{"seq":47764,"ts":1765982063734,"p":2541050,"v":1,"s":"ASK","sym":"NQH6.CME"}
{"seq":47765,"ts":1765982063734,"p":2541050,"v":1,"s":"ASK","sym":"NQH6.CME"}
{"seq":47766,"ts":1765982063734,"p":2541050,"v":1,"s":"ASK","sym":"NQH6.CME"}
{"seq":47767,"ts":1765982063734,"p":2541075,"v":1,"s":"ASK","sym":"NQH6.CME"}
{"seq":47768,"ts":1765982063734,"p":2541075,"v":1,"s":"ASK","sym":"NQH6.CME"}
{"seq":47769,"ts":1765982063734,"p":2541100,"v":1,"s":"ASK","sym":"NQH6.CME"}
{"seq":47770,"ts":1765982063734,"p":2541100,"v":1,"s":"ASK","sym":"NQH6.CME"}
{"seq":47771,"ts":1765982063734,"p":2541100,"v":1,"s":"ASK","sym":"NQH6.CME"}
{"seq":47772,"ts":1765982063753,"p":2541000,"v":1,"s":"BID","sym":"NQH6.CME"}
{"seq":47773,"ts":1765982063753,"p":2541025,"v":1,"s":"ASK","sym":"NQH6.CME"}
{"seq":47774,"ts":1765982063753,"p":2541025,"v":1,"s":"ASK","sym":"NQH6.CME"}
{"seq":47775,"ts":1765982063754,"p":2541050,"v":1,"s":"ASK","sym":"NQH6.CME"}
{"seq":47776,"ts":1765982063754,"p":2541075,"v":1,"s":"ASK","sym":"NQH6.CME"}
{"seq":47777,"ts":1765982063756,"p":2541025,"v":1,"s":"BID","sym":"NQH6.CME"}
{"seq":47778,"ts":1765982063768,"p":2541025,"v":1,"s":"BID","sym":"NQH6.CME"}
{"seq":47779,"ts":1765982063812,"p":2541025,"v":1,"s":"ASK","sym":"NQH6.CME"}
{"seq":47780,"ts":1765982063818,"p":2541000,"v":1,"s":"BID","sym":"NQH6.CME"}
{"seq":47781,"ts":1765982063818,"p":2541000,"v":1,"s":"BID","sym":"NQH6.CME"}
{"seq":47782,"ts":1765982063818,"p":2541000,"v":1,"s":"BID","sym":"NQH6.CME"}
{"seq":47783,"ts":1765982063818,"p":2540975,"v":1,"s":"BID","sym":"NQH6.CME"}
{"seq":47784,"ts":1765982063818,"p":2540950,"v":1,"s":"BID","sym":"NQH6.CME"}
{"seq":47785,"ts":1765982063818,"p":2540950,"v":1,"s":"BID","sym":"NQH6.CME"}
{"seq":47786,"ts":1765982063818,"p":2540950,"v":1,"s":"BID","sym":"NQH6.CME"}
{"seq":47787,"ts":1765982063818,"p":2540950,"v":1,"s":"BID","sym":"NQH6.CME"}
{"seq":47788,"ts":1765982063818,"p":2540925,"v":1,"s":"BID","sym":"NQH6.CME"}
{"seq":47789,"ts":1765982063818,"p":2540925,"v":1,"s":"BID","sym":"NQH6.CME"}
{"seq":47790,"ts":1765982063818,"p":2540900,"v":1,"s":"BID","sym":"NQH6.CME"}
{"seq":47791,"ts":1765982063818,"p":2540900,"v":1,"s":"BID","sym":"NQH6.CME"}
{"seq":47792,"ts":1765982063818,"p":2540900,"v":1,"s":"BID","sym":"NQH6.CME"}
{"seq":47793,"ts":1765982063818,"p":2540900,"v":1,"s":"BID","sym":"NQH6.CME"}
{"seq":47794,"ts":1765982063818,"p":2540875,"v":1,"s":"BID","sym":"NQH6.CME"}
{"seq":47795,"ts":1765982063818,"p":2540875,"v":1,"s":"BID","sym":"NQH6.CME"}
{"seq":47796,"ts":1765982063818,"p":2540875,"v":1,"s":"BID","sym":"NQH6.CME"}
{"seq":47797,"ts":1765982063818,"p":2540875,"v":1,"s":"BID","sym":"NQH6.CME"}
{"seq":47798,"ts":1765982063818,"p":2540850,"v":1,"s":"BID","sym":"NQH6.CME"}
{"seq":47799,"ts":1765982063818,"p":2540850,"v":1,"s":"BID","sym":"NQH6.CME"}
{"seq":47800,"ts":1765982063818,"p":2540850,"v":1,"s":"BID","sym":"NQH6.CME"}
{"seq":47801,"ts":1765982063818,"p":2540850,"v":1,"s":"BID","sym":"NQH6.CME"}
{"seq":47802,"ts":1765982063818,"p":2540825,"v":1,"s":"BID","sym":"NQH6.CME"}
{"seq":47803,"ts":1765982063818,"p":2540825,"v":1,"s":"BID","sym":"NQH6.CME"}
{"seq":47804,"ts":1765982063818,"p":2540825,"v":1,"s":"BID","sym":"NQH6.CME"}
{"seq":47805,"ts":1765982063818,"p":2540800,"v":1,"s":"BID","sym":"NQH6.CME"}
{"seq":47806,"ts":1765982063818,"p":2540800,"v":1,"s":"BID","sym":"NQH6.CME"}
{"seq":47807,"ts":1765982063818,"p":2540800,"v":1,"s":"BID","sym":"NQH6.CME"}
{"seq":47808,"ts":1765982063818,"p":2540800,"v":1,"s":"BID","sym":"NQH6.CME"}
{"seq":47809,"ts":1765982063818,"p":2540800,"v":1,"s":"BID","sym":"NQH6.CME"}
{"seq":47810,"ts":1765982063831,"p":2540800,"v":1,"s":"BID","sym":"NQH6.CME"}
{"seq":47811,"ts":1765982063831,"p":2540800,"v":1,"s":"BID","sym":"NQH6.CME"}
{"seq":47812,"ts":1765982063850,"p":2540775,"v":1,"s":"ASK","sym":"NQH6.CME"}
{"seq":47813,"ts":1765982063850,"p":2540775,"v":1,"s":"ASK","sym":"NQH6.CME"}
{"seq":47814,"ts":1765982063850,"p":2540775,"v":1,"s":"ASK","sym":"NQH6.CME"}
{"seq":47815,"ts":1765982063850,"p":2540800,"v":1,"s":"ASK","sym":"NQH6.CME"}
{"seq":47816,"ts":1765982063851,"p":2540775,"v":1,"s":"BID","sym":"NQH6.CME"}
{"seq":47817,"ts":1765982063860,"p":2540725,"v":1,"s":"BID","sym":"NQH6.CME"}
{"seq":47818,"ts":1765982063866,"p":2540700,"v":1,"s":"BID","sym":"NQH6.CME"}
{"seq":47819,"ts":1765982063866,"p":2540725,"v":1,"s":"ASK","sym":"NQH6.CME"}
{"seq":47820,"ts":1765982063866,"p":2540725,"v":1,"s":"ASK","sym":"NQH6.CME"}
{"seq":47821,"ts":1765982063866,"p":2540725,"v":1,"s":"ASK","sym":"NQH6.CME"}
{"seq":47822,"ts":1765982063866,"p":2540725,"v":1,"s":"ASK","sym":"NQH6.CME"}
{"seq":47823,"ts":1765982064020,"p":2540675,"v":1,"s":"BID","sym":"NQH6.CME"}
{"seq":47824,"ts":1765982064068,"p":2540575,"v":15,"s":"BID","sym":"NQH6.CME"}
{"seq":47825,"ts":1765982064068,"p":2540550,"v":1,"s":"BID","sym":"NQH6.CME"}
{"seq":47826,"ts":1765982064074,"p":2540500,"v":1,"s":"BID","sym":"NQH6.CME"}
{"seq":47827,"ts":1765982064074,"p":2540500,"v":1,"s":"BID","sym":"NQH6.CME"}
{"seq":47828,"ts":1765982064074,"p":2540500,"v":2,"s":"BID","sym":"NQH6.CME"}
{"seq":47829,"ts":1765982064086,"p":2540500,"v":1,"s":"ASK","sym":"NQH6.CME"}
{"seq":47830,"ts":1765982064086,"p":2540500,"v":1,"s":"ASK","sym":"NQH6.CME"}
{"seq":47831,"ts":1765982064100,"p":2540400,"v":1,"s":"BID","sym":"NQH6.CME"}
{"seq":47832,"ts":1765982064100,"p":2540400,"v":2,"s":"BID","sym":"NQH6.CME"}
{"seq":47833,"ts":1765982064107,"p":2540425,"v":1,"s":"ASK","sym":"NQH6.CME"}
{"seq":47834,"ts":1765982064166,"p":2540400,"v":1,"s":"ASK","sym":"NQH6.CME"}
{"seq":47835,"ts":1765982064171,"p":2540450,"v":1,"s":"ASK","sym":"NQH6.CME"}
{"seq":47836,"ts":1765982064171,"p":2540450,"v":1,"s":"ASK","sym":"NQH6.CME"}
{"seq":47837,"ts":1765982064185,"p":2540525,"v":1,"s":"BID","sym":"NQH6.CME"}
{"seq":47838,"ts":1765982064223,"p":2540625,"v":1,"s":"BID","sym":"NQH6.CME"}
{"seq":47839,"ts":1765982064223,"p":2540625,"v":1,"s":"BID","sym":"NQH6.CME"}
{"seq":47840,"ts":1765982064223,"p":2540550,"v":1,"s":"BID","sym":"NQH6.CME"}
{"seq":47841,"ts":1765982064223,"p":2540525,"v":1,"s":"BID","sym":"NQH6.CME"}
{"seq":47842,"ts":1765982064223,"p":2540525,"v":1,"s":"BID","sym":"NQH6.CME"}
{"seq":47843,"ts":1765982064223,"p":2540500,"v":1,"s":"BID","sym":"NQH6.CME"}
{"seq":47844,"ts":1765982064223,"p":2540500,"v":1,"s":"BID","sym":"NQH6.CME"}
{"seq":47845,"ts":1765982064223,"p":2540475,"v":1,"s":"BID","sym":"NQH6.CME"}
{"seq":47846,"ts":1765982064223,"p":2540450,"v":1,"s":"BID","sym":"NQH6.CME"}
{"seq":47847,"ts":1765982064223,"p":2540450,"v":1,"s":"BID","sym":"NQH6.CME"}
{"seq":47848,"ts":1765982064223,"p":2540425,"v":1,"s":"BID","sym":"NQH6.CME"}
{"seq":47849,"ts":1765982064223,"p":2540425,"v":1,"s":"BID","sym":"NQH6.CME"}
{"seq":47850,"ts":1765982064223,"p":2540400,"v":1,"s":"BID","sym":"NQH6.CME"}
{"seq":47851,"ts":1765982064223,"p":2540400,"v":1,"s":"BID","sym":"NQH6.CME"}
{"seq":47852,"ts":1765982064223,"p":2540400,"v":1,"s":"BID","sym":"NQH6.CME"}
{"seq":47853,"ts":1765982064232,"p":2540625,"v":1,"s":"BID","sym":"NQH6.CME"}
{"seq":47854,"ts":1765982064232,"p":2540625,"v":1,"s":"BID","sym":"NQH6.CME"}
{"seq":47855,"ts":1765982064248,"p":2540700,"v":1,"s":"ASK","sym":"NQH6.CME"}
{"seq":47856,"ts":1765982064282,"p":2540675,"v":2,"s":"BID","sym":"NQH6.CME"}
{"seq":47857,"ts":1765982064347,"p":2540700,"v":1,"s":"ASK","sym":"NQH6.CME"}
{"seq":47858,"ts":1765982064353,"p":2540725,"v":1,"s":"ASK","sym":"NQH6.CME"}
{"seq":47859,"ts":1765982064434,"p":2540675,"v":1,"s":"ASK","sym":"NQH6.CME"}
{"seq":47860,"ts":1765982064457,"p":2540675,"v":1,"s":"ASK","sym":"NQH6.CME"}
{"seq":47861,"ts":1765982064542,"p":2540600,"v":1,"s":"BID","sym":"NQH6.CME"}
{"seq":47862,"ts":1765982064543,"p":2540575,"v":1,"s":"BID","sym":"NQH6.CME"}
{"seq":47863,"ts":1765982064573,"p":2540600,"v":1,"s":"ASK","sym":"NQH6.CME"}
{"seq":47864,"ts":1765982064594,"p":2540600,"v":1,"s":"ASK","sym":"NQH6.CME"}
{"seq":47865,"ts":1765982064594,"p":2540600,"v":1,"s":"ASK","sym":"NQH6.CME"}
{"seq":47866,"ts":1765982064594,"p":2540625,"v":1,"s":"ASK","sym":"NQH6.CME"}
{"seq":47867,"ts":1765982064594,"p":2540625,"v":1,"s":"ASK","sym":"NQH6.CME"}
{"seq":47868,"ts":1765982064629,"p":2540625,"v":1,"s":"BID","sym":"NQH6.CME"}
{"seq":47869,"ts":1765982064641,"p":2540600,"v":1,"s":"BID","sym":"NQH6.CME"}
{"seq":47870,"ts":1765982064784,"p":2540625,"v":1,"s":"ASK","sym":"NQH6.CME"}
{"seq":47871,"ts":1765982064855,"p":2540625,"v":1,"s":"ASK","sym":"NQH6.CME"}
{"seq":47872,"ts":1765982064870,"p":2540625,"v":1,"s":"BID","sym":"NQH6.CME"}
{"seq":47873,"ts":1765982064870,"p":2540625,"v":1,"s":"BID","sym":"NQH6.CME"}
{"seq":47874,"ts":1765982064913,"p":2540675,"v":1,"s":"ASK","sym":"NQH6.CME"}
{"seq":47875,"ts":1765982064986,"p":2540700,"v":1,"s":"ASK","sym":"NQH6.CME"}
{"seq":47876,"ts":1765982065099,"p":2540750,"v":1,"s":"ASK","sym":"NQH6.CME"}
{"seq":47877,"ts":1765982065099,"p":2540750,"v":1,"s":"ASK","sym":"NQH6.CME"}
{"seq":47878,"ts":1765982065099,"p":2540775,"v":1,"s":"ASK","sym":"NQH6.CME"}
{"seq":47879,"ts":1765982065162,"p":2540825,"v":1,"s":"ASK","sym":"NQH6.CME"}
{"seq":47880,"ts":1765982065162,"p":2540825,"v":1,"s":"ASK","sym":"NQH6.CME"}
{"seq":47881,"ts":1765982065162,"p":2540825,"v":1,"s":"ASK","sym":"NQH6.CME"}
{"seq":47882,"ts":1765982065311,"p":2540850,"v":1,"s":"BID","sym":"NQH6.CME"}
{"seq":47883,"ts":1765982065322,"p":2540800,"v":1,"s":"BID","sym":"NQH6.CME"}
{"seq":47884,"ts":1765982065389,"p":2540900,"v":1,"s":"BID","sym":"NQH6.CME"}
{"seq":47885,"ts":1765982065389,"p":2540900,"v":1,"s":"BID","sym":"NQH6.CME"}
{"seq":47886,"ts":1765982065393,"p":2540925,"v":1,"s":"ASK","sym":"NQH6.CME"}
{"seq":47887,"ts":1765982065467,"p":2540900,"v":1,"s":"ASK","sym":"NQH6.CME"}
{"seq":47888,"ts":1765982065510,"p":2540950,"v":1,"s":"ASK","sym":"NQH6.CME"}
{"seq":47889,"ts":1765982065690,"p":2541000,"v":1,"s":"ASK","sym":"NQH6.CME"}
{"seq":47890,"ts":1765982065691,"p":2541025,"v":1,"s":"ASK","sym":"NQH6.CME"}
{"seq":47891,"ts":1765982065698,"p":2541000,"v":1,"s":"BID","sym":"NQH6.CME"}
{"seq":47892,"ts":1765982065730,"p":2540925,"v":1,"s":"BID","sym":"NQH6.CME"}
{"seq":47893,"ts":1765982065824,"p":2540925,"v":1,"s":"BID","sym":"NQH6.CME"}
{"seq":47894,"ts":1765982065824,"p":2540925,"v":1,"s":"BID","sym":"NQH6.CME"}
{"seq":47895,"ts":1765982065904,"p":2540975,"v":1,"s":"ASK","sym":"NQH6.CME"}
{"seq":47896,"ts":1765982066095,"p":2540750,"v":1,"s":"BID","sym":"NQH6.CME"}
{"seq":47897,"ts":1765982066104,"p":2540650,"v":1,"s":"BID","sym":"NQH6.CME"}
{"seq":47898,"ts":1765982066107,"p":2540625,"v":1,"s":"BID","sym":"NQH6.CME"}
{"seq":47899,"ts":1765982066107,"p":2540625,"v":1,"s":"BID","sym":"NQH6.CME"}
{"seq":47900,"ts":1765982066118,"p":2540550,"v":1,"s":"ASK","sym":"NQH6.CME"}
{"seq":47901,"ts":1765982066124,"p":2540475,"v":1,"s":"ASK","sym":"NQH6.CME"}
{"seq":47902,"ts":1765982066124,"p":2540500,"v":1,"s":"ASK","sym":"NQH6.CME"}
{"seq":47903,"ts":1765982066124,"p":2540500,"v":1,"s":"ASK","sym":"NQH6.CME"}
{"seq":47904,"ts":1765982066125,"p":2540475,"v":1,"s":"ASK","sym":"NQH6.CME"}
{"seq":47905,"ts":1765982066126,"p":2540425,"v":1,"s":"BID","sym":"NQH6.CME"}
{"seq":47906,"ts":1765982066126,"p":2540425,"v":1,"s":"BID","sym":"NQH6.CME"}
{"seq":47907,"ts":1765982066127,"p":2540525,"v":1,"s":"ASK","sym":"NQH6.CME"}
{"seq":47908,"ts":1765982066127,"p":2540450,"v":1,"s":"BID","sym":"NQH6.CME"}
{"seq":47909,"ts":1765982066129,"p":2540450,"v":1,"s":"BID","sym":"NQH6.CME"}
{"seq":47910,"ts":1765982066132,"p":2540475,"v":1,"s":"ASK","sym":"NQH6.CME"}
{"seq":47911,"ts":1765982066159,"p":2540425,"v":1,"s":"BID","sym":"NQH6.CME"}
{"seq":47912,"ts":1765982066180,"p":2540375,"v":1,"s":"BID","sym":"NQH6.CME"}
{"seq":47913,"ts":1765982066180,"p":2540375,"v":1,"s":"BID","sym":"NQH6.CME"}
{"seq":47914,"ts":1765982066181,"p":2540350,"v":1,"s":"BID","sym":"NQH6.CME"}
{"seq":47915,"ts":1765982066181,"p":2540350,"v":1,"s":"BID","sym":"NQH6.CME"}
{"seq":47916,"ts":1765982066193,"p":2540450,"v":1,"s":"ASK","sym":"NQH6.CME"}
{"seq":47917,"ts":1765982066206,"p":2540500,"v":1,"s":"ASK","sym":"NQH6.CME"}
{"seq":47918,"ts":1765982066372,"p":2540325,"v":1,"s":"BID","sym":"NQH6.CME"}
{"seq":47919,"ts":1765982066372,"p":2540325,"v":1,"s":"BID","sym":"NQH6.CME"}
{"seq":47920,"ts":1765982066372,"p":2540325,"v":3,"s":"BID","sym":"NQH6.CME"}
{"seq":47921,"ts":1765982066372,"p":2540325,"v":1,"s":"BID","sym":"NQH6.CME"}
{"seq":47922,"ts":1765982066372,"p":2540300,"v":1,"s":"BID","sym":"NQH6.CME"}
{"seq":47923,"ts":1765982066372,"p":2540300,"v":1,"s":"BID","sym":"NQH6.CME"}
{"seq":47924,"ts":1765982066372,"p":2540300,"v":1,"s":"BID","sym":"NQH6.CME"}
{"seq":47925,"ts":1765982066372,"p":2540300,"v":1,"s":"BID","sym":"NQH6.CME"}
{"seq":47926,"ts":1765982066375,"p":2540300,"v":1,"s":"ASK","sym":"NQH6.CME"}
{"seq":47927,"ts":1765982066375,"p":2540275,"v":1,"s":"BID","sym":"NQH6.CME"}
{"seq":47928,"ts":1765982066380,"p":2540250,"v":1,"s":"BID","sym":"NQH6.CME"}
{"seq":47929,"ts":1765982066385,"p":2540300,"v":1,"s":"ASK","sym":"NQH6.CME"}
{"seq":47930,"ts":1765982066387,"p":2540350,"v":1,"s":"ASK","sym":"NQH6.CME"}
{"seq":47931,"ts":1765982066429,"p":2540425,"v":1,"s":"BID","sym":"NQH6.CME"}
{"seq":47932,"ts":1765982066429,"p":2540425,"v":1,"s":"BID","sym":"NQH6.CME"}
{"seq":47933,"ts":1765982066477,"p":2540350,"v":1,"s":"BID","sym":"NQH6.CME"}
{"seq":47934,"ts":1765982066512,"p":2540375,"v":1,"s":"ASK","sym":"NQH6.CME"}
{"seq":47935,"ts":1765982066611,"p":2540325,"v":1,"s":"BID","sym":"NQH6.CME"}
{"seq":47936,"ts":1765982066611,"p":2540300,"v":1,"s":"BID","sym":"NQH6.CME"}
{"seq":47937,"ts":1765982066611,"p":2540300,"v":1,"s":"BID","sym":"NQH6.CME"}
{"seq":47938,"ts":1765982066611,"p":2540300,"v":1,"s":"BID","sym":"NQH6.CME"}
{"seq":47939,"ts":1765982066611,"p":2540300,"v":1,"s":"BID","sym":"NQH6.CME"}
{"seq":47940,"ts":1765982066678,"p":2540375,"v":1,"s":"ASK","sym":"NQH6.CME"}
{"seq":47941,"ts":1765982066690,"p":2540325,"v":1,"s":"BID","sym":"NQH6.CME"}
{"seq":47942,"ts":1765982066690,"p":2540325,"v":1,"s":"BID","sym":"NQH6.CME"}
{"seq":47943,"ts":1765982066690,"p":2540300,"v":1,"s":"BID","sym":"NQH6.CME"}
{"seq":47944,"ts":1765982066690,"p":2540300,"v":1,"s":"BID","sym":"NQH6.CME"}
{"seq":47945,"ts":1765982066690,"p":2540300,"v":1,"s":"BID","sym":"NQH6.CME"}
{"seq":47946,"ts":1765982066690,"p":2540300,"v":1,"s":"BID","sym":"NQH6.CME"}
{"seq":47947,"ts":1765982066718,"p":2540225,"v":1,"s":"BID","sym":"NQH6.CME"}
{"seq":47948,"ts":1765982066719,"p":2540225,"v":1,"s":"ASK","sym":"NQH6.CME"}
{"seq":47949,"ts":1765982066748,"p":2540275,"v":1,"s":"ASK","sym":"NQH6.CME"}
{"seq":47950,"ts":1765982066748,"p":2540275,"v":1,"s":"ASK","sym":"NQH6.CME"}
{"seq":47951,"ts":1765982066765,"p":2540200,"v":1,"s":"BID","sym":"NQH6.CME"}
{"seq":47952,"ts":1765982066765,"p":2540200,"v":1,"s":"BID","sym":"NQH6.CME"}
{"seq":47953,"ts":1765982066765,"p":2540175,"v":1,"s":"BID","sym":"NQH6.CME"}
{"seq":47954,"ts":1765982066765,"p":2540175,"v":1,"s":"BID","sym":"NQH6.CME"}
{"seq":47955,"ts":1765982066766,"p":2540150,"v":1,"s":"BID","sym":"NQH6.CME"}
{"seq":47956,"ts":1765982066766,"p":2540175,"v":1,"s":"BID","sym":"NQH6.CME"}
{"seq":47957,"ts":1765982066770,"p":2540125,"v":1,"s":"BID","sym":"NQH6.CME"}
{"seq":47958,"ts":1765982066773,"p":2540125,"v":1,"s":"BID","sym":"NQH6.CME"}
{"seq":47959,"ts":1765982066841,"p":2540225,"v":1,"s":"ASK","sym":"NQH6.CME"}
{"seq":47960,"ts":1765982066937,"p":2540225,"v":1,"s":"ASK","sym":"NQH6.CME"}
{"seq":47961,"ts":1765982066937,"p":2540200,"v":1,"s":"BID","sym":"NQH6.CME"}
{"seq":47962,"ts":1765982066937,"p":2540175,"v":1,"s":"BID","sym":"NQH6.CME"}
{"seq":47963,"ts":1765982066937,"p":2540175,"v":1,"s":"BID","sym":"NQH6.CME"}
{"seq":47964,"ts":1765982066937,"p":2540175,"v":1,"s":"BID","sym":"NQH6.CME"}
{"seq":47965,"ts":1765982066937,"p":2540175,"v":1,"s":"BID","sym":"NQH6.CME"}
{"seq":47966,"ts":1765982066937,"p":2540175,"v":1,"s":"BID","sym":"NQH6.CME"}
{"seq":47967,"ts":1765982066952,"p":2540175,"v":1,"s":"ASK","sym":"NQH6.CME"}
{"seq":47968,"ts":1765982066965,"p":2540100,"v":1,"s":"BID","sym":"NQH6.CME"}
{"seq":47969,"ts":1765982067021,"p":2540100,"v":1,"s":"ASK","sym":"NQH6.CME"}
{"seq":47970,"ts":1765982067056,"p":2540075,"v":1,"s":"BID","sym":"NQH6.CME"}
{"seq":47971,"ts":1765982067058,"p":2540125,"v":1,"s":"ASK","sym":"NQH6.CME"}
{"seq":47972,"ts":1765982067062,"p":2540075,"v":1,"s":"BID","sym":"NQH6.CME"}
{"seq":47973,"ts":1765982067145,"p":2540050,"v":1,"s":"BID","sym":"NQH6.CME"}
{"seq":47974,"ts":1765982067247,"p":2540075,"v":1,"s":"ASK","sym":"NQH6.CME"}
{"seq":47975,"ts":1765982067294,"p":2540025,"v":1,"s":"BID","sym":"NQH6.CME"}
{"seq":47976,"ts":1765982067294,"p":2540025,"v":1,"s":"BID","sym":"NQH6.CME"}
{"seq":47977,"ts":1765982067295,"p":2540000,"v":1,"s":"BID","sym":"NQH6.CME"}
{"seq":47978,"ts":1765982067295,"p":2540000,"v":1,"s":"BID","sym":"NQH6.CME"}
{"seq":47979,"ts":1765982067295,"p":2540000,"v":1,"s":"BID","sym":"NQH6.CME"}
{"seq":47980,"ts":1765982067295,"p":2540000,"v":1,"s":"BID","sym":"NQH6.CME"}
{"seq":47981,"ts":1765982067295,"p":2540000,"v":1,"s":"BID","sym":"NQH6.CME"}
{"seq":47982,"ts":1765982067295,"p":2540000,"v":1,"s":"BID","sym":"NQH6.CME"}
{"seq":47983,"ts":1765982067295,"p":2540000,"v":1,"s":"BID","sym":"NQH6.CME"}
{"seq":47984,"ts":1765982067295,"p":2540000,"v":1,"s":"BID","sym":"NQH6.CME"}
{"seq":47985,"ts":1765982067295,"p":2540000,"v":1,"s":"BID","sym":"NQH6.CME"}
{"seq":47986,"ts":1765982067296,"p":2540000,"v":1,"s":"BID","sym":"NQH6.CME"}
{"seq":47987,"ts":1765982067296,"p":2540000,"v":1,"s":"BID","sym":"NQH6.CME"}
{"seq":47988,"ts":1765982067296,"p":2540000,"v":1,"s":"BID","sym":"NQH6.CME"}
{"seq":47989,"ts":1765982067296,"p":2540000,"v":2,"s":"BID","sym":"NQH6.CME"}
{"seq":47990,"ts":1765982067297,"p":2540000,"v":1,"s":"BID","sym":"NQH6.CME"}
{"seq":47991,"ts":1765982067297,"p":2540025,"v":1,"s":"ASK","sym":"NQH6.CME"}
{"seq":47992,"ts":1765982067297,"p":2540025,"v":1,"s":"ASK","sym":"NQH6.CME"}
{"seq":47993,"ts":1765982067298,"p":2540025,"v":1,"s":"ASK","sym":"NQH6.CME"}
{"seq":47994,"ts":1765982067303,"p":2540100,"v":1,"s":"ASK","sym":"NQH6.CME"}
{"seq":47995,"ts":1765982067307,"p":2540125,"v":1,"s":"ASK","sym":"NQH6.CME"}
{"seq":47996,"ts":1765982067308,"p":2540150,"v":1,"s":"ASK","sym":"NQH6.CME"}
{"seq":47997,"ts":1765982067316,"p":2540150,"v":1,"s":"ASK","sym":"NQH6.CME"}
{"seq":47998,"ts":1765982067316,"p":2540150,"v":1,"s":"ASK","sym":"NQH6.CME"}
{"seq":47999,"ts":1765982067316,"p":2540150,"v":1,"s":"BID","sym":"NQH6.CME"}
{"seq":48000,"ts":1765982067344,"p":2540125,"v":1,"s":"BID","sym":"NQH6.CME"}
{"seq":48001,"ts":1765982067344,"p":2540100,"v":1,"s":"BID","sym":"NQH6.CME"}
{"seq":48002,"ts":1765982067344,"p":2540100,"v":1,"s":"BID","sym":"NQH6.CME"}
{"seq":48003,"ts":1765982067344,"p":2540100,"v":1,"s":"BID","sym":"NQH6.CME"}
{"seq":48004,"ts":1765982067344,"p":2540100,"v":1,"s":"BID","sym":"NQH6.CME"}
{"seq":48005,"ts":1765982067344,"p":2540075,"v":1,"s":"BID","sym":"NQH6.CME"}
{"seq":48006,"ts":1765982067344,"p":2540075,"v":1,"s":"BID","sym":"NQH6.CME"}
{"seq":48007,"ts":1765982067344,"p":2540050,"v":1,"s":"BID","sym":"NQH6.CME"}
{"seq":48008,"ts":1765982067344,"p":2540050,"v":1,"s":"BID","sym":"NQH6.CME"}
{"seq":48009,"ts":1765982067344,"p":2540050,"v":1,"s":"BID","sym":"NQH6.CME"}
{"seq":48010,"ts":1765982067345,"p":2540150,"v":1,"s":"ASK","sym":"NQH6.CME"}
{"seq":48011,"ts":1765982067345,"p":2540150,"v":1,"s":"ASK","sym":"NQH6.CME"}
{"seq":48012,"ts":1765982067346,"p":2540150,"v":1,"s":"ASK","sym":"NQH6.CME"}
{"seq":48013,"ts":1765982067346,"p":2540150,"v":1,"s":"ASK","sym":"NQH6.CME"}
{"seq":48014,"ts":1765982067366,"p":2540150,"v":1,"s":"BID","sym":"NQH6.CME"}
{"seq":48015,"ts":1765982067373,"p":2540050,"v":1,"s":"BID","sym":"NQH6.CME"}
{"seq":48016,"ts":1765982067430,"p":2540050,"v":1,"s":"BID","sym":"NQH6.CME"}
{"seq":48017,"ts":1765982067446,"p":2540125,"v":1,"s":"ASK","sym":"NQH6.CME"}
{"seq":48018,"ts":1765982067470,"p":2540075,"v":1,"s":"BID","sym":"NQH6.CME"}
{"seq":48019,"ts":1765982067470,"p":2540050,"v":1,"s":"BID","sym":"NQH6.CME"}
{"seq":48020,"ts":1765982067470,"p":2540050,"v":1,"s":"BID","sym":"NQH6.CME"}
{"seq":48021,"ts":1765982067470,"p":2540050,"v":1,"s":"BID","sym":"NQH6.CME"}
{"seq":48022,"ts":1765982067474,"p":2540075,"v":1,"s":"BID","sym":"NQH6.CME"}
{"seq":48023,"ts":1765982067474,"p":2540050,"v":1,"s":"BID","sym":"NQH6.CME"}
{"seq":48024,"ts":1765982067474,"p":2540025,"v":1,"s":"BID","sym":"NQH6.CME"}
{"seq":48025,"ts":1765982067474,"p":2540025,"v":1,"s":"BID","sym":"NQH6.CME"}
{"seq":48026,"ts":1765982067474,"p":2540025,"v":1,"s":"BID","sym":"NQH6.CME"}
{"seq":48027,"ts":1765982067480,"p":2540150,"v":1,"s":"ASK","sym":"NQH6.CME"}
{"seq":48028,"ts":1765982067484,"p":2540175,"v":1,"s":"ASK","sym":"NQH6.CME"}
{"seq":48029,"ts":1765982067499,"p":2540125,"v":1,"s":"BID","sym":"NQH6.CME"}
{"seq":48030,"ts":1765982067499,"p":2540125,"v":1,"s":"ASK","sym":"NQH6.CME"}
{"seq":48031,"ts":1765982067502,"p":2540150,"v":1,"s":"BID","sym":"NQH6.CME"}
{"seq":48032,"ts":1765982067509,"p":2540150,"v":1,"s":"BID","sym":"NQH6.CME"}
{"seq":48033,"ts":1765982067509,"p":2540100,"v":1,"s":"BID","sym":"NQH6.CME"}
{"seq":48034,"ts":1765982067509,"p":2540100,"v":1,"s":"BID","sym":"NQH6.CME"}
{"seq":48035,"ts":1765982067509,"p":2540075,"v":1,"s":"BID","sym":"NQH6.CME"}
{"seq":48036,"ts":1765982067509,"p":2540075,"v":1,"s":"BID","sym":"NQH6.CME"}
{"seq":48037,"ts":1765982067509,"p":2540050,"v":1,"s":"BID","sym":"NQH6.CME"}
{"seq":48038,"ts":1765982067509,"p":2540050,"v":1,"s":"BID","sym":"NQH6.CME"}
{"seq":48039,"ts":1765982067509,"p":2540050,"v":1,"s":"BID","sym":"NQH6.CME"}
{"seq":48040,"ts":1765982067509,"p":2540050,"v":1,"s":"BID","sym":"NQH6.CME"}
{"seq":48041,"ts":1765982067509,"p":2540050,"v":1,"s":"BID","sym":"NQH6.CME"}
{"seq":48042,"ts":1765982067509,"p":2540025,"v":1,"s":"BID","sym":"NQH6.CME"}
{"seq":48043,"ts":1765982067509,"p":2540025,"v":1,"s":"BID","sym":"NQH6.CME"}
{"seq":48044,"ts":1765982067509,"p":2540025,"v":1,"s":"BID","sym":"NQH6.CME"}
{"seq":48045,"ts":1765982067509,"p":2540000,"v":1,"s":"BID","sym":"NQH6.CME"}
{"seq":48046,"ts":1765982067509,"p":2540000,"v":1,"s":"BID","sym":"NQH6.CME"}
{"seq":48047,"ts":1765982067509,"p":2540000,"v":1,"s":"BID","sym":"NQH6.CME"}
{"seq":48048,"ts":1765982067509,"p":2540125,"v":1,"s":"BID","sym":"NQH6.CME"}
{"seq":48049,"ts":1765982067510,"p":2540100,"v":1,"s":"ASK","sym":"NQH6.CME"}
{"seq":48050,"ts":1765982067510,"p":2540125,"v":1,"s":"BID","sym":"NQH6.CME"}
{"seq":48051,"ts":1765982067511,"p":2540150,"v":1,"s":"BID","sym":"NQH6.CME"}
{"seq":48052,"ts":1765982067512,"p":2540100,"v":1,"s":"BID","sym":"NQH6.CME"}
{"seq":48053,"ts":1765982067512,"p":2540175,"v":1,"s":"ASK","sym":"NQH6.CME"}
{"seq":48054,"ts":1765982067512,"p":2540100,"v":1,"s":"BID","sym":"NQH6.CME"}
{"seq":48055,"ts":1765982067513,"p":2540100,"v":1,"s":"ASK","sym":"NQH6.CME"}
{"seq":48056,"ts":1765982067538,"p":2540100,"v":1,"s":"BID","sym":"NQH6.CME"}
{"seq":48057,"ts":1765982067553,"p":2540100,"v":1,"s":"ASK","sym":"NQH6.CME"}
{"seq":48058,"ts":1765982067553,"p":2540100,"v":1,"s":"ASK","sym":"NQH6.CME"}
{"seq":48059,"ts":1765982067554,"p":2540125,"v":1,"s":"ASK","sym":"NQH6.CME"}
{"seq":48060,"ts":1765982067554,"p":2540150,"v":1,"s":"ASK","sym":"NQH6.CME"}
{"seq":48061,"ts":1765982067555,"p":2540125,"v":1,"s":"ASK","sym":"NQH6.CME"}
{"seq":48062,"ts":1765982067556,"p":2540175,"v":1,"s":"ASK","sym":"NQH6.CME"}
{"seq":48063,"ts":1765982067563,"p":2540200,"v":1,"s":"ASK","sym":"NQH6.CME"}
{"seq":48064,"ts":1765982067586,"p":2540150,"v":1,"s":"BID","sym":"NQH6.CME"}
{"seq":48065,"ts":1765982067632,"p":2540200,"v":1,"s":"ASK","sym":"NQH6.CME"}
{"seq":48066,"ts":1765982067632,"p":2540225,"v":1,"s":"ASK","sym":"NQH6.CME"}
{"seq":48067,"ts":1765982067664,"p":2540150,"v":1,"s":"BID","sym":"NQH6.CME"}
{"seq":48068,"ts":1765982067664,"p":2540125,"v":1,"s":"BID","sym":"NQH6.CME"}
{"seq":48069,"ts":1765982067665,"p":2540150,"v":1,"s":"ASK","sym":"NQH6.CME"}
{"seq":48070,"ts":1765982067690,"p":2540075,"v":1,"s":"BID","sym":"NQH6.CME"}
{"seq":48071,"ts":1765982067749,"p":2540050,"v":1,"s":"ASK","sym":"NQH6.CME"}
{"seq":48072,"ts":1765982067753,"p":2540025,"v":1,"s":"BID","sym":"NQH6.CME"}
{"seq":48073,"ts":1765982067794,"p":2540000,"v":1,"s":"BID","sym":"NQH6.CME"}
{"seq":48074,"ts":1765982067798,"p":2539975,"v":1,"s":"BID","sym":"NQH6.CME"}
{"seq":48075,"ts":1765982067844,"p":2539950,"v":1,"s":"BID","sym":"NQH6.CME"}
{"seq":48076,"ts":1765982067845,"p":2539900,"v":1,"s":"BID","sym":"NQH6.CME"}
{"seq":48077,"ts":1765982067845,"p":2539875,"v":1,"s":"BID","sym":"NQH6.CME"}
{"seq":48078,"ts":1765982067845,"p":2539875,"v":1,"s":"BID","sym":"NQH6.CME"}
{"seq":48079,"ts":1765982067845,"p":2539875,"v":1,"s":"BID","sym":"NQH6.CME"}
{"seq":48080,"ts":1765982067845,"p":2539875,"v":1,"s":"BID","sym":"NQH6.CME"}
{"seq":48081,"ts":1765982067845,"p":2539875,"v":1,"s":"BID","sym":"NQH6.CME"}
{"seq":48082,"ts":1765982067846,"p":2539875,"v":1,"s":"ASK","sym":"NQH6.CME"}
{"seq":48083,"ts":1765982067846,"p":2539875,"v":1,"s":"ASK","sym":"NQH6.CME"}
{"seq":48084,"ts":1765982067851,"p":2539875,"v":1,"s":"BID","sym":"NQH6.CME"}
{"seq":48085,"ts":1765982067851,"p":2539875,"v":1,"s":"BID","sym":"NQH6.CME"}
{"seq":48086,"ts":1765982068035,"p":2540025,"v":1,"s":"BID","sym":"NQH6.CME"}
{"seq":48087,"ts":1765982068085,"p":2540050,"v":1,"s":"ASK","sym":"NQH6.CME"}
{"seq":48088,"ts":1765982068162,"p":2540150,"v":1,"s":"ASK","sym":"NQH6.CME"}
{"seq":48089,"ts":1765982068162,"p":2540175,"v":2,"s":"ASK","sym":"NQH6.CME"}
{"seq":48090,"ts":1765982068162,"p":2540175,"v":1,"s":"ASK","sym":"NQH6.CME"}
{"seq":48091,"ts":1765982068162,"p":2540175,"v":1,"s":"ASK","sym":"NQH6.CME"}
{"seq":48092,"ts":1765982068170,"p":2540175,"v":6,"s":"ASK","sym":"NQH6.CME"}
{"seq":48093,"ts":1765982068193,"p":2540150,"v":1,"s":"BID","sym":"NQH6.CME"}
{"seq":48094,"ts":1765982068424,"p":2540250,"v":1,"s":"ASK","sym":"NQH6.CME"}
{"seq":48095,"ts":1765982068444,"p":2540200,"v":1,"s":"BID","sym":"NQH6.CME"}
{"seq":48096,"ts":1765982068444,"p":2540200,"v":1,"s":"BID","sym":"NQH6.CME"}
{"seq":48097,"ts":1765982068535,"p":2540125,"v":1,"s":"ASK","sym":"NQH6.CME"}
{"seq":48098,"ts":1765982068535,"p":2540125,"v":1,"s":"ASK","sym":"NQH6.CME"}
{"seq":48099,"ts":1765982068535,"p":2540150,"v":1,"s":"ASK","sym":"NQH6.CME"}
{"seq":48100,"ts":1765982068600,"p":2540100,"v":1,"s":"BID","sym":"NQH6.CME"}
{"seq":48101,"ts":1765982068601,"p":2540075,"v":1,"s":"BID","sym":"NQH6.CME"}
{"seq":48102,"ts":1765982068601,"p":2540075,"v":1,"s":"BID","sym":"NQH6.CME"}
{"seq":48103,"ts":1765982068625,"p":2540050,"v":1,"s":"BID","sym":"NQH6.CME"}
{"seq":48104,"ts":1765982068701,"p":2540250,"v":1,"s":"ASK","sym":"NQH6.CME"}
{"seq":48105,"ts":1765982068701,"p":2540250,"v":1,"s":"ASK","sym":"NQH6.CME"}
{"seq":48106,"ts":1765982068702,"p":2540275,"v":1,"s":"ASK","sym":"NQH6.CME"}
{"seq":48107,"ts":1765982068759,"p":2540350,"v":1,"s":"BID","sym":"NQH6.CME"}
{"seq":48108,"ts":1765982068759,"p":2540325,"v":1,"s":"BID","sym":"NQH6.CME"}
{"seq":48109,"ts":1765982068759,"p":2540325,"v":1,"s":"BID","sym":"NQH6.CME"}
{"seq":48110,"ts":1765982068759,"p":2540325,"v":1,"s":"BID","sym":"NQH6.CME"}
{"seq":48111,"ts":1765982068759,"p":2540300,"v":1,"s":"BID","sym":"NQH6.CME"}
{"seq":48112,"ts":1765982068759,"p":2540300,"v":1,"s":"BID","sym":"NQH6.CME"}
